2986 5048
133 369 237 436 Tha]
324 364 480 438 QUIBUS
499 362 723 419 ALIENARE
743 362 871 419 LICET
894 363 971 418 VEL
994 363 1095 420 NON.
1220 367 1282 436 227

133 532 286 596 libertate
316 551 391 595 cum
422 532 540 599 effectu
571 530 772 615 procedente
800 526 907 614 (cuius
931 527 1041 592 favore
1068 537 1102 591 et
1128 527 1284 609 antiquos

133 635 338 719 legislatores
354 636 460 699 multa
472 647 505 701 et
521 646 636 701 contra
652 654 845 699 communes
863 631 995 716 regulas
1009 631 1164 695 statuisse
1180 630 1283 693 mani·

131 739 346 803 festissimum
362 737 428 824 est)
444 749 477 803 et
493 761 533 804 eo
548 740 604 822 qui
624 759 698 802 earn
722 737 880 819 imposuit
900 757 980 800 suae
994 733 1201 798 liberalitatis
1215 742 1283 797 sta·

132 842 263 906 bilitate
292 844 459 925 gaudente
490 852 523 907 et
553 843 643 906 socio
672 841 818 905 indemni
849 848 1043 904 conservato
1073 837 1283 921 pretiumque

132 946 217 1009 servi
239 946 422 1010 secundum
443 956 572 1029 partem
596 945 743 1024 dominii,
766 945 857 1029 quod
880 963 940 1007 nos
958 941 1177 1020 definivimus,
1196 938 1282 1006 accis

132 1049 254 1133 piente.

658 1177 758 1244 VIII.

363 1356 501 1420 Qumus
524 1355 715 1406 utrauuna
738 1354 942 1405 11cervat
964 1354 1057 1406 nou.

176 1504 311 1569 Accidit
329 1505 517 1588 aliquando,
539 1514 576 1569 ut
599 1504 656 1587 qui
679 1504 834 1569 dominus
858 1503 901 1568 sit
921 1503 1065 1569 alienare
1090 1523 1156 1567 non
1177 1501 1282 1586 possit

131 1617 167 1672 et
197 1616 321 1685 contra,
351 1609 407 1690 qui
438 1609 592 1672 dominus
623 1628 690 1672 non
716 1609 760 1673 sit
785 1607 982 1671 alienandae
1008 1607 1053 1671 rei
1078 1614 1281 1689 potestatem

132 1711 265 1776 habeat.
319 1733 396 1775 nam
421 1711 533 1776 dotale
560 1712 733 1794 praedium
764 1712 901 1775 maritus
927 1711 1030 1775 invita
1057 1709 1193 1774 muliere
1222 1729 1281 1792 per

132 1814 240 1897 legem
268 1814 388 1879 Iuliam
415 1816 608 1898 prohibetur
631 1815 784 1892 alienare,
812 1817 963 1898 quamvis
992 1815 1095 1899 ipsius
1125 1815 1169 1877 sit
1192 1812 1281 1877 dotis

131 1939 230 1984 causa
264 1921 292 1983 ei
326 1922 453 1985 datum.
514 1921 603 2003 quod
635 1941 695 1985 nos
725 1920 835 2002 legem
866 1919 986 1983 Iuliam
1017 1920 1217 2001 corrigentes
1247 1918 1280 1980 in

132 2022 302 2087 meliorem
318 2033 442 2087 statum
465 2024 677 2088 deduximus.
723 2043 798 2087 cum
821 2027 909 2087 enim
929 2023 986 2086 lex
1007 2022 1040 2085 in
1056 2022 1117 2086 soli
1133 2030 1281 2086 tantum·

131 2128 233 2190 modo
256 2127 353 2190 rebus
371 2127 481 2190 locum
504 2126 660 2203 habebat,
684 2147 770 2210 quae
791 2127 927 2191 Italicae
945 2126 1086 2203 fuerant,
1104 2137 1138 2190 et
1159 2126 1281 2188 aliena·

131 2230 239 2293 tiones
274 2230 446 2296 inhibebat
477 2251 565 2314 quae
597 2231 700 2296 invita
733 2231 870 2294 muliere
906 2230 1039 2305 fiebant,
1074 2228 1281 2313 hypothecas

130 2342 244 2396 autem
261 2353 373 2396 earum
390 2334 490 2397 etiam
505 2334 660 2398 volente:
684 2334 832 2417 utrisque
849 2333 1032 2398 remedium
1051 2332 1279 2416 imposuimus,

131 2441 176 2499 ut'
187 2437 288 2499 etiam
319 2436 352 2499 in
383 2457 438 2500 eas
469 2457 529 2514 res,
557 2457 643 2520 quae
673 2438 706 2501 in
734 2437 924 2521 provinciali
952 2437 1023 2501 solo
1047 2437 1176 2519 positae
1194 2444 1281 2512 sunt,

130 2540 305 2603 interdicta
320 2539 379 2603 fiat
394 2540 550 2605 alienatio
564 2541 617 2605 vel
638 2541 799 2626 obligatio
819 2550 852 2605 et
871 2551 1023 2605 neutrum
1041 2559 1155 2603 eorum
1173 2557 1280 2620 neque

129 2642 410 2706 consentientibus
437 2643 628 2708 mulieribus
651 2646 819 2727 procedat,
842 2665 885 2707 ne
908 2664 1009 2708 sexus
1030 2642 1199 2706 muliebris
1216 2639 1280 2705 fra·

133 2911 171 2951 12.
187 2911 208 2965 1,
221 2897 280 2951 and
292 2897 335 2951 for
346 2896 510 2967 Justinian's
523 2897 633 2967 change
647 2897 716 2952 Cod
731 2911 756 2964 7.
770 2911 794 2964 7.
813 2897 894 2953 With
906 2896 985 2952 cuius
997 2896 1094 2951 favore
1106 2904 1135 2950 et
1147 2893 1279 2964 antiquos

131 2979 305 3050 legislatores
327 2990 379 3035 etc
401 2980 435 3035 cf.
455 2980 520 3050 Dig.
538 2995 582 3046 40.
598 2993 619 3050 5.
644 2996 735 3047 24.1ο
753 2981 858 3036 ‘multa
878 2991 978 3035 contra
999 2978 1066 3034 iuris
1087 2977 1210 3047 rigorem
1228 2992 1280 3047 pro

130 3061 258 3118 libertate
269 3072 334 3117 sunt
345 3063 516 3130 constituta,'
528 3078 543 3132 3
548 3075 571 3132 5.
581 3079 603 3116 2.
614 3078 655 3132 32·
667 3077 680 3133 5
692 3063 786 3118 ‘favor
798 3062 950 3118 libertatis.
965 3103 971 3117 .
986 3079 1089 3132 ‚saepe
1099 3059 1280 3130 benigniores

130 3145 286 3200 sententias
299 3145 445 3215 exprimit’
482 3147 525 3215 By
538 3145 713 3215 legislatores
726 3163 819 3201 seems
832 3157 862 3201 to
874 3147 910 3200 be
924 3155 1020 3200 meant
1032 3146 1080 3200 the
1089 3144 1195 3216 juri‘sts.

164 3230 225 3285 'ltu
236 3231 329 3283 VIII.
348 3230 405 3283 For
423 3230 472 3283 the
487 3229 643 3284 anomalies
661 3229 825 3284 mentioned
840 3231 907 3285 here
921 3230 954 3284 cf
969 3230 1088 3298 Seneca,
1100 3226 1192 3282 benef.
1207 3240 1230 3293 7.
1248 3239 1279 3279 12

129 3311 257 3366 ‘nonest
270 3322 446 3380 argumento,
457 3311 522 3366 ideo
535 3311 643 3382 aliquid
657 3323 735 3366 tuum
748 3329 806 3367 non
818 3329 890 3381 esse,
901 3312 968 3383 quia
977 3312 1099 3367 vendere
1112 3327 1169 3365 non
1182 3309 1280 3380 potes‚’
1347 3322 1360 3345 ·

130 3393 195 3463 Dig.
205 3409 248 3460 41.
261 3409 282 3448 1.
291 3394 327 3460 46
337 3394 409 3449 ‘non
419 3404 462 3449 est
473 3411 587 3461 novum,
595 3405 633 3464 ut,
644 3395 691 3466 qui
703 3395 860 3450 dominium
872 3413 929 3452 uon
943 3396 1054 3464 habeat,
1065 3393 1112 3449 alii
1123 3391 1280 3448 dominium

128 3477 281 3548 praebeat‚’
301 3477 359 3532 Cic.
374 3495 426 3547 pro
440 3478 531 3531 Balbo
547 3492 578 3545 13
598 3478 799 3534 ‘fundamenta
818 3478 981 3533 firmissima
1000 3488 1114 3533 nostrae
1133 3473 1279 3543 libertatis,

129 3560 172 3614 sui
192 3578 332 3631 quemque
351 3561 418 3615 iuris
437 3571 465 3616 et
484 3559 624 3614 retinendi
642 3571 669 3615 et
689 3560 849 3616 dimittendi
869 3579 933 3617 esse
954 3560 1118 3628 domiuum,'
1136 3559 1192 3614 Tit.
1209 3572 1230 3613 1.
1244 3573 1281 3624 40

128 3659 205 3712 supr.
223 3643 280 3697 and
300 3642 366 3712 Dig.
382 3657 421 3712 511
439 3656 478 3709 17.
494 3657 527 3713 54
549 3643 649 3698 ‘nemo
670 3645 733 3714 plus
756 3643 824 3698 iuris
846 3644 874 3699 in
897 3644 983 3700 alium
1005 3644 1156 3700 transferre
1176 3650 1279 3712 potest,

128 3742 214 3795 quam
233 3725 294 3795 ipse
313 3727 448 3782 haberet!

164 3810 227 3865 The
247 3810 291 3864 lex
315 3809 387 3865 Iulia
405 3826 462 3863 was
481 3810 544 3865 that
562 3810 595 3864 of
608 3811 761 3879 Augustus,
780 3811 816 3866 de
835 3810 988 3880 adulteriis,
1002 3811 1079 3866 Paul.
1100 3818 1172 3865 sent.
1185 3825 1241 3864 rec.
1254 3821 1278 3864 2.

129 3907 160 3945 21
173 3892 201 3945 b.
216 3907 239 3946 2.
279 3893 312 3946 ln
329 3893 378 3946 the
399 3891 468 3947 time
487 3892 520 3945 of
535 3892 624 3947 Gaius
642 3893 741 3962 (1163)
758 3894 779 3948 it
798 3894 857 3949 had
875 3896 949 3950 been
971 3894 1097 3950 doubted
1113 3893 1239 3948 whether
1257 3891 1279 3947 it

128 3974 242 4044 applied
256 3985 285 4029 10
298 3975 415 4045 praedia
427 3975 617 4045 provincialia

164 4058 284 4112 Besides
302 4059 351 4113 the
373 4075 454 4113 cases
475 4057 639 4112 mentioned
660 4058 689 4113 in
709 4059 758 4113 the
778 4068 845 4130 text,
867 4059 1020 4115 alienation
1040 4076 1097 4115 was
1117 4057 1280 4129 prohibited

129 4139 168 4207 (1)
181 4140 214 4193 of
229 4157 273 4194 res
292 4140 423 4210 litigiosa,
435 4150 570 4210 property
586 4141 678 4195 which
697 4159 754 4197 was
775 4143 824 4196 the
843 4143 953 4212 subject
971 4145 1004 4198 of
1019 4160 1038 4199 a
1058 4143 1116 4196 real
1133 4140 1228 4196 action
1247 4157 1280 4196 or

128 4223 263 4277 iudicium
282 4223 455 4292 divisorium,
473 4226 619 4279 Nov.112.
638 4239 647 4277 1
665 4244 672 4290 ;
691 4224 730 4293 (2)
750 4224 782 4279 of
797 4225 985 4280 immoveable
1003 4237 1136 4296 property
1157 4224 1280 4294 forming

127 4316 190 4376 part
202 4307 236 4360 of
245 4324 264 4361 a
277 4307 394 4363 donatio
412 4318 528 4378 propter
545 4307 659 4377 nuptias
672 4324 704 4361 or
715 4308 869 4378 belonging
888 4319 917 4363 to
934 4309 1066 4378 religious
1079 4325 1111 4363 or
1123 4308 1279 4365 charitable

127 4387 329 4455 foundations3
352 4389 392 4459 (3)
416 4390 449 4443 of
464 4389 606 4460 peculium
628 4389 814 4445 adventitium
835 4391 952 4446 without
971 4391 1020 4446 the
1040 4402 1159 4447 consent
1181 4391 1215 4448 of
1230 4391 1279 4449 tbe

126 4471 338 4543 paterfamilias.
376 4473 439 4529 The
451 4473 535 4530 effect
548 4474 579 4528 of
589 4490 626 4528 an
639 4472 792 4530 alienation
805 4474 955 4531 forbidden
967 4473 1006 4543 by
1017 4474 1071 4531 law
1083 4475 1108 4531 is
1120 4474 1173 4534 1111.

673 4575 733 4640 (22
