2986 5048
192 350 257 438 360
397 358 470 413 INS
474 357 544 412 TIT
545 356 602 413 UT
599 354 744 447 IONUd!
761 352 882 410 LIBRI
899 352 1135 427 QUATTUOR.
1223 354 1291 421 [Lib.
1300 356 1350 410 ΠΙ.

193 544 254 588 suo
269 523 391 588 herede
406 523 528 588 relicto,
566 522 677 604 itaque
697 520 856 585 intestato
876 538 1008 602 quoque
1028 526 1158 583 mortuo
1173 517 1303 598 liberto,
1319 520 1348 583 si

192 628 220 691 is
243 647 339 690 suum
363 627 518 690 heredem
542 625 735 708 reliquisset,
757 623 838 687 nihil
860 624 893 687 in
916 624 1013 686 bonis
1037 624 1106 687 eius
1128 631 1273 705 patrono
1294 623 1347 686 ius

192 740 271 794 erat
320 740 354 794 et
384 730 410 794 si
441 730 576 812 quidem
606 749 651 791 ex
684 727 889 790 naturalibus
924 726 1035 789 liberis
1070 726 1214 809 aliquem
1246 746 1346 790 suurn

192 833 347 897 heredem
365 833 557 915 reliquisset,
569 830 659 895 nulla
667 831 841 894 videbatur
852 829 998 912 querella
1010 855 1017 894 :
1038 830 1065 892 si
1077 850 1156 892 vero
1166 829 1347 911 adoptivus

192 935 279 999 filius
299 946 394 1012 esset,
413 945 527 1019 aperte
547 936 693 1017 iniquum
717 944 786 997 erat
809 933 890 996 nihil
912 934 988 995 iuris
1006 942 1146 1015 patrono
1162 952 1345 1015 superesse.

164 1039 270 1122 lQua
296 1039 338 1102 de
369 1059 468 1103 causa
496 1048 613 1121 postea
639 1038 799 1120 praetoris
829 1037 939 1099 edicto
969 1037 1051 1098 haec
1081 1036 1159 1099 iuris
1187 1035 1346 1118 iniquitas

192 1144 369 1207 emendata
385 1153 445 1207 est.
482 1143 551 1206 sive
566 1143 655 1205 enim
670 1141 812 1204 iaciebat
830 1148 1069 1204 testamentum
1088 1140 1235 1217 libertus,
1252 1140 1345 1204 iube·

192 1247 291 1310 batur
306 1248 352 1311 ita
363 1246 486 1324 testari,
498 1255 535 1309 ut
551 1255 691 1328 patrono
703 1254 831 1327 partem
844 1244 1016 1307 dimidiam
1029 1244 1192 1308 bonorum
1207 1264 1345 1308 suorum

192 1350 406 1432 relinqueret:
429 1359 461 1412 et
474 1351 501 1412 si
513 1359 571 1413 aut
588 1347 667 1411 nihil
679 1356 737 1410 aut
754 1347 860 1410 minus
872 1348 975 1429 partis
986 1347 1143 1411 dimidiae
1154 1346 1346 1429 reliquerat,

193 1452 336 1516 dabatur
349 1463 490 1536 patrono
505 1461 621 1516 contra
634 1451 765 1516 tabulas
781 1452 971 1515 testamenti
990 1452 1092 1534 partis
1107 1451 1268 1515 dimidiae
1284 1450 1346 1515 bo·

193 1577 310 1621 norum
334 1557 508 1638 possessio.
553 1555 682 1618 sivero
708 1555 885 1619 intestatus
912 1556 1113 1619 moriebatur
1135 1576 1196 1619 suo
1218 1554 1346 1619 herede

192 1660 306 1724 relicto
336 1660 404 1723 filio
434 1660 601 1743 adoptivo,
633 1659 775 1722 dabatur
804 1679 910 1741 aeque
939 1668 1081 1741 patrono
1110 1667 1225 1723 contra
1254 1658 1346 1727 hunc

141 1770 144 1777 '
192 1785 286 1830 suum
308 1764 463 1827 heredem
486 1763 588 1846 partis
610 1764 769 1827 dimidiae
790 1763 953 1826 bonorum
972 1763 1144 1845 possessio.
1183 1765 1345 1847 prodesse

191 1879 305 1933 autem
328 1868 446 1932 liberto
468 1867 620 1931 solebant
643 1867 685 1930 ad
711 1866 955 1931 excludendum
976 1876 1152 1950 patronum
1175 1868 1346 1933 naturales

123 2000 127 2007 ·
191 1971 295 2047 liberi,
312 1992 377 2035 non
400 1972 506 2035 solum
523 1992 607 2053 quos
630 1971 663 2034 in
686 1979 853 2053 potestate
876 1970 990 2034 mortis
1011 1979 1162 2053 tempore
1184 1970 1343 2049 habebat,

192 2075 250 2139 sed
267 2076 365 2138 etiam
382 2076 579 2157 emancipati
592 2085 625 2138 et
641 2074 674 2136 in
690 2075 904 2157 adoptionem
920 2074 998 2151 dati,
1011 2074 1038 2138 si
1054 2074 1155 2137 modo
1170 2094 1216 2137 ex
1231 2075 1345 2158 aliqua

192 2188 287 2260 parte
308 2179 446 2242 heredes
467 2179 578 2262 scripti
602 2189 695 2242 erant
715 2189 772 2242 aut
795 2178 963 2261 praeteriti
985 2188 1100 2243 contra
1124 2178 1257 2243 tabulas
1283 2181 1345 2244 bo-

194 2301 310 2344 norum
340 2282 580 2364 possessionem
612 2304 656 2346 ex
685 2283 795 2346 edicto
825 2283 1008 2364 petierant:
1041 2301 1118 2345 nam
1146 2281 1344 2348 exheredati

162 2395 180 2450 2
194 2385 283 2448 nullo
299 2386 399 2448 modo
415 2385 618 2467 repellebant
633 2396 821 2470 patronum.
857 2386 977 2450 Postea
992 2384 1066 2467 lege
1082 2385 1184 2468 Papia
1198 2386 1344 2452 adaucta

192 2498 268 2551 sunt
296 2489 365 2552 iura
395 2499 620 2571 patronorum,
650 2491 705 2572 qui
736 2490 966 2573 locupletiores
996 2489 1131 2553 libertos
1160 2489 1343 2557 habebant
1428 2508 1432 2515 '

192 2603 325 2656 cautum
349 2604 398 2657 est
421 2594 518 2666 enim,
540 2604 576 2657 ut
599 2615 643 2657 ex
666 2595 761 2659 bonis
785 2595 863 2668 eius,
884 2595 940 2676 qui
959 2595 1183 2659 sestertiorum
1206 2606 1343 2660 centum

192 2696 331 2759 millium
348 2698 581 2780 patrimonium
599 2698 763 2780 reliquerit
782 2708 816 2762 et
834 2698 1004 2780 pauciores
1018 2718 1119 2780 quam
1135 2707 1201 2762 tres
1220 2697 1345 2764 liberos

190 2801 344 2874 habebat,
365 2804 433 2865 sive
454 2803 480 2864 is
501 2811 702 2867 testamento
723 2802 809 2865 lacto
830 2802 898 2864 sive
920 2804 1077 2865 intestato
1097 2811 1245 2866 mortuus
1261 2817 1344 2884 erat,

191 2903 293 2968 virilis
323 2926 399 2987 pars
428 2916 569 2988 patrono
599 2907 791 2969 debebatur.
851 2906 963 2986 itaque
995 2925 1071 2967 cum
1101 2926 1203 2968 unum
1235 2907 1343 2972 filium

192 3008 336 3072 filiamve
365 3008 521 3071 heredem
554 3008 719 3090 reliquerit
755 3008 901 3084 libertus
930 3008 1067 3090 perinde
1097 3028 1173 3091 pars
1203 3010 1344 3077 dimidia

192 3120 331 3194 patrono
350 3112 544 3186 debebatur,
563 3132 601 3174 ac
624 3112 651 3173 si
675 3113 701 3173 is
724 3112 795 3174 sine
818 3111 885 3174 ullo
906 3110 974 3174 lilio
997 3110 1105 3174 filiave
1125 3113 1343 3180 decessisset:

191 3235 266 3279 cum
291 3216 375 3278 duos
401 3216 525 3278 duasve
555 3214 693 3278 heredes
720 3213 904 3296 reliquerat,
929 3216 1026 3277 tertia
1049 3235 1126 3297 pars
1156 3214 1344 3282 debebatur

161 3328 350 3401 3patrono:
375 3320 402 3380 si
419 3328 486 3381 tres
501 3317 686 3399 reliquerat,
703 3317 924 3400 repellebatur
934 3327 1100 3399 patronus.
1144 3316 1211 3382 Sed
1229 3332 1343 3387 nostra

191 3422 391 3493 constitutio,
418 3441 517 3503 quam
543 3441 603 3503 pro
627 3421 775 3482 omnium
801 3421 934 3483 notione
959 3419 1086 3484 Graeca
1112 3420 1225 3503 lingua
1251 3444 1343 3489 com·

190 3525 351 3608 pendioso
373 3533 514 3587 tractatu
539 3524 653 3587 habito
676 3524 930 3605 composuimus,
946 3525 991 3586 ita
1012 3522 1200 3588 huiusmodi
1223 3547 1343 3592 causas

191 3628 348 3705 definivit,
364 3638 401 3691 ut
422 3629 448 3690 si
470 3627 604 3709 quidem
623 3627 759 3690 libertus
773 3627 826 3690 vel
847 3627 965 3690 liberta
984 3606 1125 3691 minores
1146 3633 1343 3696 centenariis

193 3733 268 3807 sint,
282 3731 314 3793 id
332 3740 382 3794 est
398 3731 505 3793 minus
521 3740 654 3794 centum
667 3731 773 3794 aureis
788 3730 933 3794 habeant
948 3731 1167 3794 substantiam
1179 3730 1240 3818 (sic
1251 3737 1342 3799 enim

191 3835 272 3917 legis
296 3835 418 3916 Papiae
440 3854 604 3897 summam
632 3835 835 3916 interpretati
861 3856 984 3908 sumus
1010 3844 1047 3898 ut
1072 3856 1132 3918 pro
1159 3838 1249 3902 mille
1273 3861 1343 3904 ses·

191 3940 296 4002 tertiis
309 3958 392 4000 unus
407 3958 524 4000 aureus
537 3935 769 4023 computetur),
782 3937 906 4001 nullum
920 3938 1028 4001 locum
1044 3939 1166 4002 habeat
1182 3953 1343 4022 patronus

224 4212 285 4263 Tit.
298 4211 371 4261 VII.
387 4205 400 4276 §
415 4210 442 4261 2.
464 4210 520 4261 For
539 4209 586 4261 the
605 4207 734 4261 effectos
748 4208 795 4262 the
813 4209 856 4261 lex
874 4208 961 4278 Papia
976 4210 1109 4278 Poppaea
1128 4226 1164 4263 on
1184 4211 1233 4265 the
1252 4211 1343 4283 rights

190 4292 223 4345 ol
231 4304 368 4360 patronae
378 4290 436 4343 and
447 4290 520 4344 filiae
533 4289 643 4360 patroni
658 4308 705 4343 see
720 4293 773 4344 hlr.
786 4292 893 4345 Poste's
906 4303 973 4345 note
986 4308 1023 4344 on
1034 4292 1123 4346 Gaius
1135 4291 1173 4346 iii.
1188 4306 1229 4363 54.
1261 4297 1343 4352 Pr.—2

189 4374 221 4428 ol
230 4372 286 4426 this
299 4372 373 4427 Title
385 4372 557 4441 correspond
570 4372 635 4426 with
649 4372 737 4426 Gaius
751 4371 787 4426 iii.
802 4387 896 4441 39-42.

226 4454 240 4528 ξ
260 4460 286 4510 3.
314 4458 375 4511 The
393 4455 576 4513 constitution
594 4456 717 4512 referred
735 4466 774 4525 to,
791 4456 882 4512 which
901 4456 924 4512 is
944 4456 972 4512 in
991 4457 1061 4514 Cod.
1074 4457 1102 4514 6.
1114 4472 1142 4524 4.
1153 4472 1179 4530 4,
1192 4458 1344 4521 abolisbed
