2986 5048
207 354 271 421 286
411 363 486 419 1le
488 362 560 417 TIT
561 362 617 418 UT
615 360 761 419 IONUM
779 362 898 417 LIBRI
917 361 1153 433 QUATTUOR.
1249 363 1321 431 [Lib.
1331 370 1365 420 11.

208 537 259 592 est
275 548 351 591 eum
371 526 604 607 manumiserit,
619 535 751 593 tenetur
769 527 874 604 heres,
891 528 1041 611 quamvis
1062 526 1265 611 ignoraverit
1287 549 1310 593 a
1329 548 1364 591 se

208 652 285 694 eum
301 632 448 715 legatum
464 651 545 695 esse.
590 630 628 695 Si
647 632 721 713 quis
738 632 875 695 ancillas
893 650 970 695 cum
991 631 1059 695 suis
1081 632 1167 696 natis
1188 631 1361 714 legaverit,

209 736 341 799 etiamsi
362 735 502 799 ancillae
520 745 670 800 mortuae
690 735 820 811 fuerint,
836 744 949 819 partus
965 734 1076 818 legato
1091 736 1225 801 cedunt
1271 736 1361 800 idem

209 849 268 913 est,
285 839 312 901 si
328 839 482 903 ordinarii
497 839 581 902 servi
595 859 672 923 cum
686 841 812 903 vicariis
828 839 928 921 legati
943 837 1073 912 fuerint,
1086 848 1131 916 ut,
1142 838 1222 904 licet
1239 840 1361 904 mortui

163 948 195 1000 17
209 941 275 1004 sint
290 941 453 1017 ordinarii,
470 951 582 1006 tamen
596 942 706 1005 vicarii
728 942 838 1024 legato
861 943 991 1006 cedant.
1036 942 1095 1005 sed
1110 943 1138 1006 si
1153 960 1270 1005 servus
1286 962 1361 1007 cum

209 1045 339 1128 peculio
355 1044 452 1110 fucrit
468 1045 605 1129 legatus,
620 1057 749 1110 mortuo
761 1068 856 1111 servo
866 1046 919 1110 vel
933 1046 1136 1109 manumisso
1146 1046 1200 1109 vel
1215 1047 1362 1111 alienato

210 1162 244 1215 et
258 1149 376 1233 peculii
392 1150 540 1232 legatum
555 1150 769 1234 extinguitur.
815 1153 903 1215 idem
919 1159 979 1226 est,
996 1150 1023 1213 si
1043 1149 1164 1214 fundus
1181 1151 1362 1216 instructus

208 1255 261 1316 vel
285 1273 360 1317 cum
384 1254 603 1319 instrumento
628 1254 757 1336 legatus
781 1253 899 1318 fuerit:
931 1274 1008 1318 nam
1032 1255 1134 1317 fundo
1158 1253 1306 1318 alienato
1330 1264 1363 1319 et

164 1364 196 1418 18
209 1358 418 1423 instrumenti
434 1356 581 1441 legatum
598 1348 810 1441 extinguitur.
858 1357 894 1424 Si
911 1379 995 1442 grex
1010 1358 1141 1442 legatus
1155 1358 1255 1423 fuerit
1271 1369 1363 1442 post·

209 1481 314 1544 eaque
337 1462 381 1525 ad
405 1481 506 1526 unam
531 1481 627 1525 ovem
652 1463 847 1545 pervenerit,
869 1461 959 1545 quod
983 1461 1180 1543 superfuerit
1201 1462 1363 1527 vindicari

209 1576 330 1650 potest.
376 1563 486 1647 Grege
508 1574 621 1647 autem
642 1564 755 1647 legato
770 1565 871 1631 etiam
889 1585 945 1629 eas
961 1585 1048 1641 oves,
1065 1584 1150 1646 quae
1166 1574 1246 1647 post
1260 1575 1363 1630 testa·

211 1680 360 1733 mentum
380 1667 504 1733 factum
527 1670 618 1753 gregi
640 1671 835 1746 adiciuntur,
852 1670 964 1752 legato
985 1671 1102 1734 cedere
1125 1669 1275 1734 lulianus
1297 1670 1361 1734 ait:

211 1794 283 1837 esse
299 1773 386 1836 enim
402 1774 510 1857 gregis
532 1794 632 1836 unum
655 1793 774 1856 corpus
795 1795 839 1837 ex
860 1774 1061 1838 distantibus
1076 1773 1251 1855 capitibus,
1266 1774 1363 1840 sicuti

165 1886 198 1941 19
211 1876 343 1940 aedium
359 1896 460 1939 unum
476 1897 594 1959 corpus
610 1886 660 1940 est
681 1897 725 1940 ex
748 1877 1000 1942 cohaerentibus
1015 1876 1201 1958 lapidibus:
1223 1876 1364 1941 aedibus

212 1982 356 2063 denique
371 1981 489 2063 legatis
504 1981 675 2045 columnas
691 1990 726 2046 et
742 2001 915 2059 marmora,
931 2001 1017 2063 quae
1032 1990 1108 2062 post
1123 1988 1364 2046 testamentum

211 2082 335 2148 factum
366 2084 496 2150 adiecta
525 2095 610 2162 sunt,
637 2084 747 2167 legato
777 2086 903 2149 cedere.
950 2083 987 2148 Si
1017 2083 1183 2166 peculium
1212 2082 1365 2168 legatum

163 2187 319 2262 tefuerit,
346 2188 416 2251 sine
442 2189 543 2253 dubio
566 2188 727 2271 quidquid
753 2189 882 2273 peculio
906 2189 1034 2253 accedit
1056 2188 1108 2252 vel
1135 2188 1271 2253 decedit
1289 2190 1365 2253 vivo

212 2300 382 2367 testatore,
399 2291 546 2375 legatarii
565 2291 656 2356 lucro
671 2293 723 2358 ve]
747 2294 870 2357 damno
889 2302 948 2357 est
985 2288 1104 2374 q'uodsi
1122 2300 1200 2373 post
1220 2301 1366 2356 mortem

212 2395 379 2459 testatoris
395 2406 473 2461 ante
488 2396 614 2462 aditam
630 2397 850 2462 hereditatem
866 2417 978 2461 servus
995 2396 1197 2478 adquisierit,
1215 2394 1367 2463 lulianus

248 2646 262 2718 §
276 2648 318 2705 1'1.
338 2648 401 2702 The
413 2645 574 2719 opposition
593 2645 626 2700 of
634 2643 792 2700 ordinarius
805 2655 836 2700 to
848 2643 944 2700 vicarii
962 2644 1034 2700 servi
1053 2644 1077 2700 is
1089 2644 1178 2700 found
1195 2643 1225 2700 in
1240 2644 1309 2716 Dig.
1326 2660 1366 2713 14.

211 2747 237 2799 4.
253 2744 274 2801 5.
292 2747 302 2786 1
318 2750 325 2798 ;
347 2744 385 2800 15.
402 2747 423 2786 1.
441 2744 480 2798 17,
493 2730 529 2785 ib.
548 2744 586 2799 19.
600 2746 640 2799 pr.
679 2729 741 2783 The
756 2729 860 2783 former
872 2745 929 2782 was
943 2745 960 2784 a
973 2730 1050 2783 slave
1063 2728 1182 2798 holding
1197 2745 1280 2784 some
1296 2728 1367 2783 defi·

212 2814 271 2869 nite
286 2824 350 2885 post
369 2814 398 2868 in
416 2813 461 2869 his
480 2813 608 2868 masters
626 2810 793 2880 household‚
811 2812 859 2866 the
878 2812 962 2865 latter
977 2829 1050 2867 were
1068 2810 1113 2866 his
1132 2810 1294 2881 assistants,
1307 2812 1367 2866 and

212 2899 322 2967 usually
339 2897 448 2952 formed
467 2906 529 2966 part
550 2896 583 2950 of
595 2894 640 2949 his
662 2894 820 2965 peculium:
847 2894 875 2948 in
894 2895 959 2964 fact,
978 2912 996 2949 a
1021 2896 1098 2950 slave
1119 2894 1198 2949 often
1218 2894 1330 2965 bought
1350 2912 1368 2951 a

212 2980 333 3036 vicarius
352 2980 418 3035 with
440 2990 503 3051 part
524 2979 557 3034 of
571 2978 616 3032 his
638 2978 779 3048 peculium
797 2988 826 3032 to
845 2977 951 3047 lighten
974 2977 1017 3032 his
1036 2994 1099 3032 own
1118 2976 1220 3047 duties,
1240 2978 1367 3048 Horace,

214 3066 272 3120 Sat.
288 3079 310 3119 2.
326 3078 350 3132 7.
364 3077 414 3133 79;
432 3063 475 3118 for
487 3064 536 3118 the
549 3063 639 3117 whole
651 3061 760 3131 subject
773 3079 798 3115 v.
813 3062 944 3116 Beckers
958 3062 1066 3118 Gallus.

250 3149 307 3201 For
324 3148 373 3202 the
391 3146 542 3202 difference
560 3145 687 3200 between
710 3144 862 3199 instructus
881 3145 938 3199 and
957 3162 1021 3199 cum
1040 3144 1228 3200 instrumento
1246 3145 1283 3201 cf.
1298 3145 1368 3215 Dig.

214 3247 256 3302 33.
270 3246 294 3299 7.
312 3247 351 3286 η.
365 3245 397 3299 27
411 3233 489 3302 ‘plus
503 3247 575 3297 esse,
588 3246 652 3284 cum
671 3228 823 3283 instructus
841 3228 944 3282 fundus
962 3230 1078 3297 legetur,
1092 3245 1177 3298 quarn
1195 3227 1218 3282 si
1237 3244 1304 3283 cum
1324 3229 1368 3284 in-

214 3327 405 3372 strumento:.
421 3356 427 3370 .
441 3354 449 3369 .
461 3314 566 3382 omnia,
585 3330 658 3384 quae
677 3329 711 3367 eo
727 3312 831 3366 collata
850 3320 924 3379 sunt,
942 3322 972 3366 ut
992 3311 1154 3367 instructior
1175 3321 1251 3366 esset
1271 3322 1369 3382 pater·

214 3399 344 3465 familias,
357 3398 494 3452 instructo
510 3394 664 3463 contineri,’
677 3395 715 3449 ib.
728 3412 768 3464 pr.
783 3394 1017 3449 ‘instrumentum
1035 3392 1138 3465 [fundi]
1152 3404 1195 3449 est
1211 3406 1368 3465 apparatus

213 3500 307 3537 rerum
326 3481 430 3536 diutius
449 3496 654 3548 mansurarum,
667 3478 728 3533 sine
746 3478 855 3549 quibus'
866 3479 988 3533 exerceri
1009 3478 1137 3548 nequiret
1153 3477 1315 3549 possessio,’
1328 3479 1367 3535 ib.

217 3566 257 3620 16.
271 3583 311 3635 pr.
333 3564 421 3619 ‘inter
440 3564 658 3618 instrumentum
680 3573 708 3616 et
733 3570 931 3615 ornamentum
954 3561 1073 3615 multum
1095 3561 1240 3629 interesse,
1263 3559 1369 3617 instru-

214 3648 301 3703 menti
315 3650 390 3702 enim
404 3665 439 3702 ea
451 3664 523 3713 esse,
532 3663 605 3716 quae
618 3646 656 3699 ad
668 3646 785 3699 tutelam
798 3645 899 3699 domus
918 3644 1097 3714 pertinerent,
1110 3644 1279 3713 omamenti‚
1293 3662 1369 3716 quae

214 3732 252 3788 ad
266 3731 455 3800 voluptatem’
493 3731 572 3783 Thus
585 3728 818 3783 ‘instrumentum
837 3726 969 3782 involved
987 3728 1035 3782 the
1055 3727 1120 3782 idea
1136 3727 1169 3781 of
1182 3744 1200 3781 a
1218 3743 1320 3783 means
1337 3737 1368 3783 to

215 3833 251 3870 an
265 3816 330 3882 end,
343 3815 392 3868 but
411 3814 472 3867 that
485 3812 541 3867 end
554 3829 611 3866 was
628 3821 658 3866 to
671 3822 718 3880 get
737 3813 785 3865 the
802 3828 852 3865 use
871 3811 903 3865 of
912 3812 960 3865 the
979 3811 1063 3878 land;
1081 3809 1102 3865 it
1122 3810 1171 3865 did
1183 3820 1233 3864 not
1252 3809 1369 3865 include

215 3898 373 3952 household
386 3896 529 3951 fumiture.
555 3894 672 3950 Fundus
685 3894 846 3964 instructus,
856 3895 992 3963 although
1005 3894 1085 3948 there
1098 3910 1155 3947 was
1167 3909 1248 3948 some
1257 3893 1369 3964 variety

215 3981 247 4036 of
256 3981 372 4052 opinion
391 3997 428 4034 on
442 3981 489 4035 the
509 3979 626 4048 subject,
639 3995 732 4033 seems
750 3988 781 4032 to
799 3979 871 4033 have
890 3977 963 4032 been
982 3976 1151 4031 considered
1169 3993 1201 4030 as
1220 3975 1370 4047 including

216 4076 265 4120 not
290 4066 357 4133 only
375 4064 600 4131 instrumentum,
621 4063 672 4116 but
697 4061 864 4130 everything
888 4059 1027 4130 prepared
1051 4060 1094 4114 for
1115 4060 1164 4114 the
1189 4058 1311 4113 comfort
1335 4076 1369 4114 or

215 4149 344 4220 pleasure
364 4148 397 4202 of
410 4149 459 4202 the
476 4163 578 4200 owner.
615 4146 691 4200 Such
705 4161 723 4198 a
734 4145 841 4213 legacy,
856 4144 1003 4212 therefore,
1017 4142 1143 4197 includes
1163 4143 1212 4197 the
1230 4142 1369 4198 furniture

216 4232 249 4286 of
265 4232 313 4286 the
333 4231 503 4298 fannhouse,
525 4230 573 4283 the
594 4229 710 4296 clothes,
732 4227 808 4298 gold,
830 4227 921 4295 silver,
943 4226 1024 4295 wine,
1044 4225 1101 4280 and
1122 4224 1240 4280 utensile
1265 4226 1299 4279 of
1319 4227 1369 4282 the

217 4324 343 4383 testator,
362 4315 423 4368 also
441 4315 489 4369 the
509 4311 647 4367 domestic
666 4313 767 4378 slaves,
786 4311 834 4365 the
852 4309 943 4365 books
965 4309 1023 4364 and
1044 4308 1157 4379 library,
1176 4309 1227 4364 but
1247 4319 1299 4364 not
1319 4310 1369 4365 the

217 4414 285 4467 crop
297 4398 384 4466 ready
397 4397 439 4452 for
451 4398 500 4452 the
513 4396 639 4450 market.’
676 4396 796 4463 Hunter,
810 4396 922 4448 Roman
937 4395 1003 4449 Law
1015 4410 1043 4463 p.
1057 4406 1116 4461 723.

253 4478 268 4551 ξ
282 4484 332 4535 20.
353 4480 423 4536 Dies
436 4478 511 4536 cedit
524 4478 619 4535 marks
632 4478 681 4534 the
694 4478 938 4536 commentement
956 4478 989 4533 of
1000 4494 1017 4532 a
1031 4476 1116 4548 right,
1129 4492 1162 4531 or
1173 4475 1223 4531 the
1239 4487 1369 4532 moment
