2986 5048
134 339 185 388 Tit.
195 333 231 398 6.]
434 332 494 386 DE
520 330 867 402 USUCAPIONIBUS,
889 333 950 388 ET
949 331 980 389 C.
1221 344 1285 410 219

134 497 204 561 eius
220 496 406 560 committit.
453 494 521 560 Sed
537 504 650 559 tamen
666 497 698 560 id
714 497 893 579 aliquando
908 495 1003 562 aliter
1018 495 1179 563 sehabet.
1207 519 1285 562 nam

134 602 161 666 si
177 599 271 664 heres
288 621 355 663 rem
372 599 527 663 defuncto
543 601 789 664 commodatam
805 611 863 665 aut
878 600 1020 665 locatam
1037 601 1088 663 vel
1103 603 1191 684 apud
1209 622 1285 665 eurn

135 705 321 786 depositam
346 705 541 768 existimans
562 703 795 767 hereditariam
819 725 892 769 esse
912 704 1002 767 bona
1022 703 1088 767 fide
1110 706 1285 786 accipienti

134 808 319 872 vendiderit
333 817 391 870 aut
409 807 581 871 donaverit
600 816 657 870 aut
676 809 764 873 dotis
785 810 918 872 nomine
938 809 1075 886 dederit,
1090 809 1170 891 quin
1186 810 1214 872 is
1229 810 1286 890 qui

134 914 297 993 acceperit
315 932 493 993 usucapere
509 912 623 993 possit,
640 913 778 976 dubium
802 933 868 977 non
891 921 953 989 est,
969 913 1092 996 quippe
1115 933 1155 976 ea
1177 933 1229 978 res
1252 914 1286 977 in

135 1014 211 1079 furti
238 1017 353 1079 vitium
379 1036 445 1079 non
472 1016 636 1095 ceciderit,
663 1036 738 1080 cum
762 1018 876 1099 utique
902 1016 1005 1092 heres,
1021 1018 1077 1099 qui
1104 1015 1192 1080 bona
1219 1015 1287 1081 fide

135 1129 306 1203 tamquam
322 1141 415 1185 suam
431 1120 630 1196 alienaverit,
647 1120 768 1186 lurtum
784 1143 850 1185 non
869 1123 1057 1185 committit.
1103 1121 1190 1186 Item
1207 1122 1233 1186 si
1250 1122 1318 1200 is,5

135 1225 178 1287 ad
208 1245 308 1306 quern
332 1223 471 1287 ancillae
496 1245 574 1288 usus
601 1223 726 1290 fructus
752 1228 904 1308 pertinet,
931 1235 1063 1307 partum
1091 1246 1186 1289 suum
1213 1245 1286 1289 esse

135 1329 272 1393 credens
287 1328 473 1391 vendiderit
496 1337 553 1390 aut
576 1328 755 1405 donaverit,
774 1331 896 1393 lurtum
917 1349 983 1392 non
999 1329 1198 1392 committit:
1221 1328 1286 1391 sur·

135 1441 207 1495 tum
224 1433 311 1494 enim
329 1432 399 1495 sine
415 1431 535 1494 affectu
549 1431 678 1495 iurandi
694 1452 759 1496 non
776 1434 1003 1497 committitur.
1048 1431 1136 1496 Aliis
1152 1444 1317 1514 quoque6

136 1536 244 1600 modis
260 1537 408 1599 accidere
424 1544 543 1618 potest,
561 1538 694 1618 ut'quis
716 1539 787 1602 sine
800 1539 881 1602 vitio
901 1537 978 1601 furti
999 1556 1068 1599 rem
1084 1535 1226 1599 alienam
1242 1537 1285 1599 ad

135 1640 280 1722 aliquem
311 1640 486 1705 transierat
514 1650 547 1704 et
575 1641 703 1717 efficiat,
729 1651 766 1706 ut
794 1663 814 1705 a
844 1662 1035 1725 possessore
1064 1642 1285 1723 usucapiatur.

136 1744 237 1827 Quod
253 1755 365 1808 autem
381 1745 423 1809 ad
441 1766 497 1809 eas
514 1765 573 1821 res,
590 1766 675 1827 quae
690 1746 761 1810 solo
777 1748 995 1824 continentur,
1008 1745 1196 1827 expeditius
1212 1751 1317 1827 pro-7

136 1850 233 1924 cedit,
260 1859 297 1913 ut
324 1851 396 1931 quis
423 1849 485 1913 loci
509 1852 657 1915 vacantis
679 1853 921 1933 possessionem
944 1859 1080 1934 propter
1100 1849 1286 1914 absentiam

136 1963 194 2017 aut
218 1954 462 2037 neglegentiam
485 1955 620 2033 domini,
636 1965 695 2019 aut
711 1959 789 2039 quia
805 1958 876 2021 sine
890 1975 1078 2021 successore
1101 1956 1287 2032 decesserit,

137 2060 206 2122 sine
221 2060 253 2121 vi
269 2060 484 2123 nanciscatur.
516 2061 573 2141 qui
588 2062 740 2142 quamvis
763 2063 835 2144 ipse
851 2061 939 2124 mala
954 2059 1020 2124 lide
1036 2060 1193 2142 possidet,
1209 2062 1287 2142 quia

136 2163 299 2245 intellegit
322 2185 357 2228 se
379 2163 523 2228 alienum
547 2164 685 2228 fundum
710 2185 897 2247 occupasse,
922 2175 1043 2243 tamen,
1066 2166 1093 2229 si
1119 2164 1174 2227 alii
1199 2166 1288 2228 bona

137 2265 202 2330 fide
224 2268 398 2350 accipienti
422 2268 603 2344 tradiderit,
620 2272 741 2352 poterit
760 2272 790 2333 ei
813 2271 913 2352 longa
928 2268 1135 2351 possessione
1158 2289 1208 2333 res
1229 2269 1288 2331 ad·

136 2371 228 2452 quiri,
245 2373 321 2453 quia
338 2392 445 2453 neque
460 2371 615 2435 furtivum
632 2393 740 2456 neque
755 2376 786 2437 vi
803 2393 994 2456 possessum
1010 2373 1145 2454 accepit,
1160 2372 1287 2436 abolita

136 2484 188 2538 est
210 2475 297 2537 enirn
320 2477 527 2556 quorundam
542 2485 690 2540 veterum
714 2479 877 2542 sententia
901 2476 1162 2541 existimantium
1186 2476 1286 2540 etiam

136 2577 229 2642 lundi
245 2578 349 2643 locive
363 2578 486 2643 lurtum
503 2580 572 2645 fieri
589 2589 760 2660 eteorum,
777 2584 833 2664 qui
856 2603 907 2647 res
924 2581 984 2647 soli
1000 2580 1180 2663 possident,
1197 2582 1287 2661 prin·

136 2682 295 2763 cipalibus
311 2685 599 2749 constitutionibus
622 2687 828 2768 prospicitur,
845 2707 886 2749 ne
909 2686 960 2750 cui
978 2683 1077 2766 longa
1100 2692 1134 2747 et
1157 2683 1287 2747 indubi-

136 2795 207 2849 tata
223 2788 388 2868 possessio
403 2788 521 2850 auferri
544 2789 675 2854 debeat.
720 2790 914 2873 Aliquando
934 2789 1034 2853 etiam
1053 2787 1172 2850 furtiva
1187 2786 1240 2850 vel
1254 2788 1286 2850 vi
1301 2792 1319 2845 8

136 2909 289 2972 possessa
314 2910 363 2955 res
387 2893 523 2973 usucapi
543 2903 673 2974 potest:
705 2893 806 2957 veluti
830 2895 858 2958 si
881 2895 914 2956 in
936 2892 1061 2957 domini
1084 2899 1287 2974 potestatem

136 3123 296 3193 possessor)
311 3126 466 3196 usucapion
486 3126 509 3181 is
526 3138 576 3182 not
590 3127 736 3197 hindered,
750 3128 817 3196 Dig.
831 3142 875 3195 47.
888 3144 913 3183 2.
928 3144 969 3183 ao
987 3144 1010 3182 1.
1049 3128 1074 3184 lt
1087 3126 1111 3181 is
1125 3126 1245 3181 deerned
1258 3136 1289 3183 to

137 3209 209 3262 have
225 3209 357 3264 returned
377 3221 407 3264 to
426 3210 470 3264 his
490 3212 582 3267 hands
601 3229 634 3267 as
653 3229 724 3266 soon
743 3230 775 3267 as
793 3214 829 3267 he
848 3214 946 3267 knows
965 3213 1028 3266 who
1047 3212 1100 3265 has
1119 3222 1167 3280 got
1187 3211 1216 3279 it,
1230 3211 1288 3266 and

138 3291 161 3346 is
182 3294 385 3364 consequently
403 3295 467 3349 able
484 3306 514 3351 to
535 3295 618 3365 bring
637 3313 655 3351 a
675 3297 734 3352 real
754 3296 848 3351 action
870 3296 966 3351 forits
984 3312 1136 3363 recovery:
1163 3294 1207 3348 ‘in
1226 3295 1289 3366 lege

138 3376 236 3431 Atinia
261 3376 288 3430 in
313 3388 484 3447 potestatem
504 3378 612 3434 domini
633 3397 692 3435 rem
712 3379 844 3435 furtivam
866 3380 978 3434 venisse
1004 3378 1101 3446 videri,
1124 3388 1152 3433 et
1177 3378 1201 3433 si
1226 3379 1288 3434 eius

138 3458 325 3516 vindicandae
340 3472 511 3531 potestatem
524 3463 662 3531 habuerit,
676 3463 799 3518 Sabinus
817 3473 845 3517 et
867 3462 983 3517 Cassius
998 3461 1092 3517 aiunt’
1105 3461 1170 3530 Dig.
1187 3474 1227 3531 50.
1246 3463 1286 3516 16.

138 3558 168 3596 21
175 3555 198 3612 5.
237 3546 262 3599 lt
283 3544 307 3599 is
328 3546 473 3601 uncertain
494 3548 620 3602 whether
637 3549 686 3601 the
704 3546 803 3601 vitium
821 3563 878 3600 was
900 3545 1009 3616 purged
1025 3545 1064 3614 by
1082 3546 1130 3599 the
1151 3556 1284 3615 property

137 3627 223 3696 being
247 3629 375 3684 restored
396 3640 426 3684 to
447 3631 496 3685 the
517 3630 680 3700 possession
702 3630 735 3684 ol
755 3629 814 3683 him
836 3629 909 3683 [τοττι
932 3630 1034 3697 whom,
1053 3629 1162 3697 though
1182 3638 1231 3682 not
1251 3627 1287 3683 its

137 3728 240 3779 owner,
262 3712 282 3766 it
305 3729 362 3766 was
384 3714 484 3781 stolen,
509 3731 568 3783 eg.
593 3715 642 3768 the
667 3714 743 3769 bona
767 3714 823 3768 fide
849 3729 1007 3783 possessor,
1030 3712 1234 3780 usufructum,
1256 3728 1289 3765 or

138 3795 276 3865 pledgee;
305 3796 371 3863 Dig.
387 3811 432 3862 41.
450 3810 474 3863 3.
491 3811 516 3862 4.
534 3796 708 3866 odistinctly
727 3814 792 3866 says
813 3814 859 3865 no,
880 3798 930 3851 but
947 3811 983 3866 49
997 3795 1030 3849 ol
1043 3798 1092 3850 the
1111 3811 1190 3850 same
1213 3794 1288 3849 Title

138 3880 268 3934 contains
281 3896 298 3933 a
310 3880 432 3948 genuine
445 3879 603 3950 exception.

175 3961 230 4033 §⁰-
251 3965 308 4018 For
326 3965 407 4019 other
425 3980 506 4019 cases
526 3982 573 4020 see
593 3964 659 4034 Dig.
678 3980 720 4031 41.
735 3967 760 4020 8.
773 3979 799 4033 4,
814 3964 891 4019 Paul
905 3974 977 4019 sent.
991 3979 1047 4017 rec.
1062 3974 1085 4031 5.
1099 3977 1123 4016 2.
1140 3974 1163 4031 5,
1177 3961 1247 4017 Cod.
1262 3975 1288 4028 7.

138 4063 219 4117 33·1·

174 4129 188 4201 l
203 4135 230 4187 7.
248 4130 389 4201 Justinian
402 4132 510 4186 altered
529 4133 577 4187 the
590 4133 651 4201 law,
664 4149 696 4186 as
716 4132 737 4188 it
756 4132 780 4187 is
798 4132 865 4187 here
878 4131 980 4198 stated,
993 4130 1032 4199 by
1046 4131 1121 4183 Nov.
1138 4143 1194 4198 119·
1213 4141 1238 4194 7,
1250 4127 1289 4197 by

139 4215 230 4270 which
249 4216 285 4269 he
304 4214 424 4270 enacted
437 4216 498 4271 that
517 4232 534 4269 a
553 4215 629 4270 bona
642 4215 697 4271 fide
710 4232 858 4285 possessor
875 4215 907 4269 os
920 4214 988 4269 land
1000 4214 1038 4282 by
1051 4213 1172 4268 transfer
1184 4212 1256 4265 from
1271 4227 1289 4266 a

139 4301 215 4354 mala
228 4299 284 4353 fide
296 4316 444 4369 possessor
456 4300 559 4354 should
574 4299 693 4354 become
707 4316 801 4354 owner
813 4299 852 4368 by
864 4297 1000 4368 usucapio
1019 4297 1047 4351 in
1066 4306 1114 4351 ten
1134 4312 1166 4350 or
1184 4304 1289 4364 twenty

138 4401 220 4453 years
239 4384 305 4452 only
318 4383 343 4437 if
356 4384 394 4437 all
410 4383 459 4437 the
475 4383 548 4437 laets
560 4400 633 4438 were
649 4383 752 4438 known
766 4384 857 4438 rothe
871 4382 1003 4437 dominus
1015 4401 1022 4447 3
1041 4379 1189 4436 otherwise
1203 4379 1290 4449 thirty

139 4468 228 4537 years’
240 4465 403 4537 possession
417 4483 474 4521 was
488 4465 627 4537 required.
