2986 5048
214 357 275 442 196
416 362 769 421 INSTITUTIONUM
786 361 905 416 LIBRI
924 361 1161 433 QUATTUOR.
1257 362 1361 428 [Libii.

211 543 245 598 et
260 534 375 597 fuerat.
405 532 490 595 adeo
506 538 619 592 autem
635 548 679 592 ex
699 547 748 602 e0‚
765 546 809 589 ex
832 546 899 607 quo
917 527 1042 591 radices
1057 528 1127 610 agit
1143 526 1267 609 planta,
1284 548 1359 609 pn)-

211 637 334 720 prietas
357 635 427 699 eius
449 641 683 706 commutatur,
699 638 745 706 ut,
767 631 795 692 si
814 629 912 693 vicini
935 630 1087 694 arborem
1111 631 1158 695 ita
1179 642 1265 695 terra
1280 632 1360 695 Titii

210 740 373 823 presserit,
388 749 425 803 ut
441 739 474 800 in
493 737 562 801 eius
577 735 715 799 fundum
732 734 857 798 radices
872 745 994 816 ageret,
1011 734 1091 799 Titii
1110 736 1193 799 effici
1209 737 1361 799 arborem

210 842 368 907 dicimus:
393 843 553 906 rationem
581 839 703 903 etenim
728 857 794 900 non
819 839 1020 919 permittere,
1047 848 1084 902 ut
1107 838 1241 903 alterius
1263 841 1363 903 arbor

211 967 283 1012 esse
306 945 526 1029 intellegatur,
550 963 651 1026 quam
676 942 768 1006 cuius
791 940 825 1003 in
849 941 988 1005 fundum
1013 944 1140 1006 radices
1167 943 1296 1026 egisset.
1328 953 1361 1007 et

211 1051 287 1114 ideo
309 1071 413 1134 prope
436 1048 614 1113 confinium
632 1046 731 1109 arbor
753 1046 861 1127 posita
885 1047 912 1108 si
935 1047 1036 1109 etiam
1060 1047 1094 1109 in
1109 1048 1205 1111 vicini
1221 1047 1360 1111 fundum

164 1155 337 1218 ³2radices
367 1155 479 1236 egerit,
505 1152 690 1217 communis
719 1149 767 1213 fit.
823 1149 900 1230 Qua
926 1152 1052 1214 ratione
1078 1162 1191 1215 autern
1218 1152 1362 1234 plantae,

211 1279 298 1341 quae
321 1267 426 1322 terrae
441 1257 641 1331 coalescunt,
657 1253 730 1318 solo
751 1255 883 1329 cedunt,
907 1255 1024 1318 eadem
1047 1257 1175 1319 ratione
1196 1255 1363 1319 frumenta

211 1362 364 1445 quoque,
379 1382 465 1444 quae
491 1370 564 1426 sata
585 1367 674 1434 sunt,
698 1357 770 1421 solo
793 1359 908 1422 cedere
931 1358 1176 1440 intelleguntur.
1215 1370 1361 1423 ceterum

211 1467 296 1531 sicut
312 1466 409 1548 isqui
426 1467 459 1529 in
474 1465 583 1529 alieno
601 1462 674 1527 solo
693 1461 926 1540 aedificaverit,
942 1463 968 1525 si
984 1463 1028 1525 ab
1044 1483 1084 1526 eo
1100 1464 1253 1527 dominus
1268 1473 1362 1547 petat

210 1570 407 1648 aedificium,
419 1569 551 1634 defendi
564 1575 676 1651 potest
688 1587 747 1650 per
757 1567 989 1647 exceptionem
1005 1567 1072 1631 doli
1086 1567 1163 1630 mali
1180 1570 1361 1632 secundum

212 1695 352 1757 eaquae
371 1675 536 1738 diximus:
560 1673 606 1737 ita
625 1672 773 1735 eiusdem
796 1671 1002 1751 exceptionis
1024 1671 1150 1735 auxilio
1173 1680 1265 1735 tutus
1289 1693 1362 1736 esse

211 1789 323 1862 potest
339 1780 437 1861 isqui
453 1778 597 1841 alienum
613 1775 754 1839 lundum
773 1794 832 1836 sua
853 1775 1003 1856 impensa
1019 1774 1107 1838 bona
1124 1774 1188 1839 fide
1204 1777 1362 1840 consevit.

164 1887 200 1940 33
213 1882 362 1946 Litterae
374 1881 724 1964 quoque,licetaureae
734 1877 808 1954 sint,
815 1877 951 1959 perinde
962 1877 1083 1942 chartis
1095 1879 1362 1961 membranisque

212 1987 342 2063 cedunt,
370 1986 436 2049 acsi
466 1984 537 2048 solo
564 1985 680 2048 cedere
706 1982 814 2046 solent
844 2002 884 2045 ea
910 2002 997 2064 quae
1023 1982 1275 2047 inaedificantur
1303 1993 1363 2047 aut

211 2090 416 2153 inseruntur:
448 2089 591 2170 ideoque
611 2089 638 2150 si
665 2087 697 2149 in
722 2084 844 2149 chartis
871 2086 1113 2151 membranisve
1139 2088 1204 2149 tuis
1229 2107 1361 2151 carmen

212 2191 265 2256 vel
289 2191 461 2256 historiam
486 2192 538 2255 vel
559 2193 742 2255 orationem
766 2189 876 2253 Titius
898 2191 1074 2273 scripserit,
1097 2189 1194 2256 huius
1217 2193 1362 2273 corporis

211 2314 278 2359 non
293 2294 411 2370 Titius,
428 2295 485 2358 sed
503 2305 539 2358 tu
556 2295 710 2358 dominus
726 2315 798 2358 esse
816 2293 976 2357 iudiceris.
1007 2295 1065 2357 sed
1082 2295 1108 2358 si
1125 2315 1146 2357 a
1160 2294 1251 2358 Titio
1267 2304 1363 2376 petas

211 2407 288 2462 tuos
303 2397 404 2462 libros
426 2407 541 2462 tuasve
562 2398 772 2461 membranas
794 2418 866 2461 esse
889 2417 949 2460 nec
973 2397 1158 2480 impensam
1182 2399 1363 2481 scripturae

212 2499 338 2566 solvere
350 2511 486 2585 paratus
497 2502 549 2577 sis,
560 2503 680 2583 poterit
695 2522 731 2564 se
746 2500 855 2564 Titius
867 2499 1044 2565 defendere
1054 2522 1113 2583 per
1128 2503 1362 2583 exceptionem

211 2605 280 2670 doli
307 2605 396 2681 mali,
421 2607 536 2688 utique
554 2606 581 2670 si
602 2606 691 2669 bona
717 2605 783 2669 fide
807 2625 920 2668 earum
943 2604 1130 2670 chartarum
1154 2605 1363 2670 membrana·

164 2710 327 2773 ³4rumve
351 2711 593 2793 possessionem
619 2721 759 2774 nanctus
783 2718 843 2773 est.
899 2708 935 2773 Si
960 2710 1034 2790 quis
1057 2709 1090 2771 in
1116 2709 1224 2772 aliena
1247 2709 1363 2774 tabula

211 2813 366 2895 pinxerit,
381 2814 517 2896 quidam
541 2824 660 2897 putant
682 2812 832 2877 tabulam
855 2815 1003 2894 picturae
1021 2813 1157 2876 cedere:
1180 2812 1253 2875 aliis
1271 2814 1363 2877 vide·

211 2926 267 2980 tur
295 2916 467 2998 picturam,
490 2917 740 2999 qualiscumque
769 2918 821 2991 sit,
853 2915 987 2980 tabulae
1016 2916 1142 2980 cedere.
1185 2918 1243 2980 sed
1268 2916 1363 2981 nobis

211 3018 342 3084 videtur
366 3020 483 3083 melius
508 3041 579 3084 esse
602 3019 751 3084 tabulam
776 3020 924 3102 picturae
947 3021 1083 3083 cedere:
1115 3019 1289 3084 ridiculum
1312 3030 1363 3087 est

214 3122 302 3186 enim
318 3124 481 3205 picturam
499 3123 631 3207 Apellis
646 3123 699 3187 vel
723 3123 884 3187 Parrhasii
901 3123 933 3186 in
948 3124 1169 3187 accessionem
1184 3123 1363 3188 vilissimae

212 3225 346 3290 tabulae
369 3228 494 3291 cedere.
539 3229 627 3291 unde
650 3227 676 3290 si
697 3248 718 3291 a
740 3227 876 3291 domino
899 3227 1034 3291 tabulae
1058 3228 1236 3310 imaginem
1259 3229 1363 3310 possi·

213 3331 313 3394 dente
338 3332 366 3394 is
390 3333 446 3413 qui
472 3331 582 3413 pinxit
612 3351 686 3394 eam
713 3341 807 3413 petat
833 3351 894 3396 nec
919 3331 1027 3394 solvat
1053 3333 1194 3414 pretium
1220 3331 1363 3410 tabulae,

212 3433 335 3515 poterit
359 3454 417 3516 per
441 3436 673 3518 exceptionem
697 3435 765 3498 doli
790 3434 868 3498 mali
891 3435 1111 3498 summoveri:
1143 3444 1178 3498 at
1202 3435 1229 3498 si
1254 3437 1282 3497 is
1306 3436 1363 3518 qui

211 3535 321 3618 pinxit
336 3538 514 3619 possideat,
527 3558 732 3620 consequens
747 3548 806 3617 est,
822 3548 859 3602 ut
875 3538 964 3602 utilis
979 3538 1066 3602 actio
1078 3538 1213 3602 domino
1229 3538 1363 3603 tabulae

212 3640 370 3704 adversus
393 3662 469 3705 eum
490 3643 595 3720 detur,
618 3662 685 3723 quo
709 3662 796 3720 casu,
818 3642 845 3705 si
868 3662 934 3705 non
959 3642 1066 3705 solvat
1086 3642 1270 3724 impensam
1293 3643 1362 3725 pic·

211 3752 313 3823 turae,
329 3746 451 3828 poterit
466 3766 526 3827 per
541 3745 774 3827 exceptionem
790 3745 857 3809 doli
875 3744 952 3808 mali
969 3744 1091 3827 repelli,
1103 3746 1216 3827 utique
1232 3746 1259 3807 si
1274 3745 1363 3809 bona

212 3846 279 3911 fide
304 3869 474 3932 possessor
496 3849 595 3914 luerit
616 3848 672 3913 ille
692 3850 747 3932 qui
772 3851 936 3934 picturam
962 3850 1129 3933 imposuit.
1170 3848 1251 3912 illud
1273 3850 1361 3913 enim

210 4065 269 4120 tion
288 4066 360 4120 from
378 4069 426 4122 the
445 4066 497 4121 soil
516 4078 546 4121 to
564 4068 613 4121 the
631 4066 735 4121 latter's
753 4083 855 4134 owner,
867 4067 916 4121 the
935 4083 1036 4122 reason
1050 4068 1113 4136 why
1125 4067 1194 4136 they
1205 4083 1278 4121 were
1296 4066 1363 4120 thus

210 4151 320 4206 treated
333 4150 492 4220 differently
504 4151 576 4204 from
595 4150 738 4205 materials
750 4150 821 4204 used
838 4151 881 4204 lor
893 4149 1021 4219 building
1034 4149 1120 4220 being
1135 4151 1197 4204 that
1210 4150 1277 4218 they
1290 4167 1362 4205 were

210 4248 248 4286 no
267 4233 365 4302 longer
383 4234 457 4289 what
476 4236 543 4303 they
554 4233 613 4288 had
630 4234 721 4290 been:
741 4233 824 4288 ‘nam
838 4233 973 4288 credibile
991 4244 1034 4289 est
1047 4233 1103 4288 alio
1120 4243 1211 4288 terrae
1227 4232 1363 4288 alimento

211 4314 296 4369 aliam
309 4318 428 4371 sactam’
442 4317 508 4387 Dig.
521 4333 564 4383 41·
581 4333 603 4373 1.
616 4319 641 4373 6.
656 4333 678 4373 1.

246 4399 261 4465 t
275 4401 323 4453 84.
344 4400 433 4455 Gaius
447 4399 486 4469 (ii.
500 4401 545 4468 78)
559 4401 686 4456 remarks
698 4417 736 4454 on
749 4401 797 4455 the
810 4401 1082 4456 unreasonableness
1095 4400 1128 4454 oi
1137 4399 1259 4469 treating
1270 4399 1363 4469 paint·

210 4478 273 4552 ings
287 4481 445 4553 differently
456 4483 529 4539 from
541 4484 679 4554 writings,
690 4483 747 4540 and
760 4483 789 4539 in
803 4484 870 4555 Dig.
881 4484 906 4540 6.
924 4500 946 4539 1.
960 4498 1002 4554 ²3·
1015 4499 1031 4552 3
1044 4484 1154 4552 exame
1166 4484 1215 4539 the
1232 4482 1362 4554 opposite
