2986 5048
165 361 220 413 Tit.
230 359 265 424 a]
463 358 525 414 DE
545 358 649 415 IURE
670 357 764 413 ΝΑΤ
766 356 900 427 URALI,
922 357 984 414 ET
982 356 1014 413 C.
1276 367 1318 435 93

165 524 248 589 locis
276 544 506 608 proponemus.
568 522 636 588 Sed
666 522 716 587 ius
753 521 886 605 quidem
916 521 1010 587 civile
1044 542 1088 585 ex
1121 534 1349 606 unaquaque2

164 628 300 693 civitate
326 627 519 711 appellatur,
542 626 643 690 veluti
670 624 948 691 Atheniensium:
983 646 1061 689 nam
1087 625 1114 688 si
1142 627 1214 708 quis
1237 627 1318 690 velit

166 730 302 795 Solonis
315 731 368 795 vel
384 730 546 797 Draconis
568 730 658 814 leges
680 729 848 813 appellare
868 729 918 793 ius
940 730 1035 793 civile
1054 729 1319 809 Atheniensium,

166 855 235 898 non
253 835 416 899 erraverit.
460 835 507 898 sic
529 834 617 898 enim
641 843 675 898 et
698 834 755 912 ius,
770 855 837 916 quo
859 832 1001 916 populus
1021 833 1191 897 Romanus
1207 835 1317 910 utitur,

166 938 218 1001 ius
244 937 339 1002 civile
366 939 594 1002 Romanorum
624 936 849 1020 appellamus:
883 937 935 1000 vel
962 937 1011 1000 ius
1038 936 1225 1019 Quiritium,
1252 957 1319 1020 quo

166 1039 315 1123 Quirites
342 1051 495 1106 utuntur:
527 1041 673 1104 Romani
703 1040 791 1105 enim
817 1061 839 1104 a
865 1039 1003 1122 Quirino
1031 1039 1175 1122 Quirites
1204 1041 1319 1124 appel-

165 1144 286 1209 lantur.
328 1146 387 1209 sed
403 1145 556 1228 quotiens
574 1165 639 1208 non
658 1145 820 1221 addimus,
835 1146 925 1208 cuius
944 1143 988 1208 sit
1003 1144 1153 1223 civitatis,
1170 1155 1319 1208 nostrum

166 1249 219 1311 ius
248 1249 485 1331 significamus:
521 1249 618 1312 sicuti
647 1268 722 1312 cum
752 1257 887 1331 poetam
914 1247 1053 1312 dicimus
1080 1268 1140 1312 nec
1166 1249 1319 1313 addimus

167 1371 298 1430 nomen,
313 1353 508 1416 subauditur
521 1353 610 1436 apud
627 1351 772 1417 Graecos
793 1352 942 1435 egregius
964 1352 1138 1429 Homerus,
1153 1353 1242 1435 apud
1259 1374 1319 1419 nos

165 1456 342 1539 Vergilius.
386 1458 436 1521 ius
456 1467 567 1522 autem
583 1458 731 1542 gentium
747 1457 837 1520 omni
852 1456 997 1519 humano
1017 1457 1128 1540 generi
1143 1476 1319 1523 commune

166 1570 227 1624 est
272 1581 350 1624 nam
387 1583 446 1625 usu
484 1561 641 1644 exigente
670 1568 704 1625 et
737 1561 890 1624 humanis
923 1560 1173 1623 necessitatibus
1202 1571 1320 1643 gentes

167 1664 335 1728 humanae
354 1666 519 1747 quaedam
538 1665 600 1729 sibi
621 1666 880 1730 constituerunt:
904 1663 993 1727 bella
1016 1663 1137 1727 etenim
1156 1674 1228 1729 orta
1243 1675 1320 1729 sunt

166 1778 202 1832 et
227 1768 436 1851 captivitates
465 1780 596 1833 secutae
620 1777 654 1833 et
677 1768 858 1847 servitutes,
881 1788 966 1851 quae
990 1775 1066 1831 sunt
1093 1768 1152 1830 iuri
1180 1769 1319 1834 naturali

166 1874 360 1935 contrariae.
405 1873 473 1936 iure
489 1873 578 1937 enim
597 1871 736 1937 naturali
755 1872 799 1936 ab
818 1872 911 1936 initio
930 1892 1045 1935 omnes
1060 1871 1211 1936 homines
1225 1872 1319 1936 liberi

166 1976 395 2040 nascebantur.
442 1998 486 2041 ex
501 1976 564 2041 hoc
579 1978 648 2040 iure
662 1978 812 2060 gentium
830 1984 864 2041 et
882 1996 998 2040 omnes
1014 1996 1119 2059 paene
1134 1986 1319 2041 contractus

166 2079 345 2144 introducti
361 2091 446 2161 sunt,
461 2092 498 2146 ut
513 2084 639 2166 emptio
652 2082 809 2159 venditio,
826 2081 945 2147 locatio
968 2081 1152 2160 conductio,
1168 2081 1319 2158 societas,

166 2184 366 2268 depositum,
384 2195 533 2250 mutuum
551 2186 654 2250 etalii
670 2186 933 2250 innumerabiles.

214 2287 355 2353 Constat
384 2299 497 2354 autem
527 2291 576 2354 ius
606 2301 755 2356 nostrum
785 2300 843 2354 aut
868 2311 913 2353 ex
939 2289 1061 2374 scripto
1090 2301 1149 2356 aut
1179 2309 1223 2353 ex
1253 2298 1350 2355 nona

167 2393 301 2476 script0‚
325 2404 362 2459 ut
391 2395 479 2478 apud
510 2393 673 2460 Graecos:
710 2399 769 2458 τῶν
799 2393 898 2472 νόμων
924 2395 952 2456 οἱ
980 2395 1035 2472 μὲν
1058 2392 1214 2473 ἔγγραφοι,
1233 2395 1262 2457 oi
1286 2392 1319 2457 δὲ

168 2497 312 2578 ἄγραφοι.
358 2497 523 2582 Scriptum
554 2499 604 2563 ius
628 2506 678 2562 est
705 2498 771 2576 lex,
795 2497 976 2582 plebiscita,
998 2510 1131 2563 senatus
1160 2497 1319 2576 consulta,

168 2602 353 2686 principum
368 2603 500 2686 placita,
517 2602 770 2685 magistratuum
793 2603 909 2681 edicta,
926 2623 1081 2686 responsa
1096 2602 1318 2685 prudentium.

169 2802 218 2856 the
230 2800 337 2857 animal
349 2801 435 2856 world
448 2801 472 2856 is
485 2811 534 2857 not
550 2802 598 2856 the
611 2801 683 2855 form
697 2800 760 2870 (law
773 2800 870 2869 itselt')‚
883 2801 934 2855 but
946 2801 995 2856 the
1009 2811 1112 2857 matter
1124 2801 1157 2855 ol
1165 2802 1225 2855 law.
1263 2801 1320 2855 But

171 2885 299 2955 Savigny
316 2884 420 2940 admits
439 2896 488 2940 not
507 2885 574 2954 only
592 2885 653 2940 that
675 2884 723 2939 the
745 2884 885 2939 threefold
904 2883 1026 2939 division
1048 2884 1081 2938 ol
1095 2885 1148 2938 law
1170 2883 1193 2938 is
1214 2883 1321 2938 unsuit-

170 2969 236 3024 able
248 2969 291 3023 for
303 2985 440 3040 purposes
459 2970 492 3022 ol
505 2968 567 3037 law,
579 2969 630 3023 but
648 2968 710 3022 that
724 2967 774 3022 the
787 2967 902 3022 twolold
915 2967 1037 3022 division
1051 2966 1105 3034 (ius
1118 2966 1244 3036 gentium
1263 2966 1321 3021 and

170 3053 298 3108 naturale
317 3052 403 3121 being
421 3051 577 3119 identified)
597 3051 621 3106 is
642 3051 685 3106 lar
706 3051 755 3106 the
774 3068 854 3105 more
875 3067 1015 3119 common,
1035 3049 1122 3119 being
1140 3049 1264 3121 adopted
1283 3050 1321 3119 by

171 3136 284 3205 Paulus,
304 3136 442 3204 Marciam
459 3135 648 3203 Florentium,
661 3134 718 3189 and
736 3133 860 3189 Licinius
877 3134 977 3200 Rufus,
995 3150 1027 3188 as
1043 3133 1104 3187 well
1122 3150 1154 3188 as
1171 3133 1210 3202 by
1223 3132 1321 3197 Gaius,

170 3220 229 3274 and
241 3220 383 3275 traceable
401 3218 430 3274 in
450 3236 534 3288 every
546 3219 726 3288 department
744 3218 776 3271 os
787 3218 836 3272 the
853 3228 969 3286 system.
1006 3218 1086 3271 Thus
1099 3217 1147 3271 the
1161 3215 1321 3270 conditions

171 3303 204 3358 of
219 3303 358 3373 marriage
377 3314 434 3357 rest
452 3319 489 3357 on
508 3301 598 3357 either
616 3301 706 3356 civilis
726 3318 758 3355 or
776 3300 912 3355 naturalis
932 3300 1013 3369 ratio,
1030 3300 1083 3355 Bk.
1101 3299 1119 3355 i.
1138 3315 1178 3355 ιο.
1197 3316 1238 3369 pr.
1252 3299 1320 3354 inl:

170 3387 250 3441 there
269 3404 326 3454 are,
344 3403 415 3441 even
435 3386 463 3441 in
483 3386 589 3456 Ulpian
610 3385 687 3456 (Dig.
705 3399 726 3439 1.
745 3397 770 3452 7.
794 3398 833 3451 17.
855 3383 888 3453 1),
906 3393 961 3439 two
979 3383 1063 3437 kinds
1082 3383 1115 3438 of
1128 3382 1322 3453 relationship,

170 3468 261 3523 civilis
279 3469 337 3523 and
362 3468 497 3524 naturalis
522 3467 674 3537 cognatio;
698 3466 788 3537 rights
809 3467 879 3522 both
899 3467 927 3521 in
952 3484 1012 3522 rem
1038 3466 1095 3521 and
1117 3466 1145 3520 in
1170 3482 1322 3536 personam

171 3552 256 3607 could
280 3553 317 3608 be
342 3551 477 3623 acquired
496 3552 587 3607 either
606 3550 725 3606 civiliter
744 3568 776 3605 or
794 3550 977 3618 naturaliter;
1001 3549 1059 3605 and
1082 3549 1188 3619 Ulpian
1211 3549 1327 3603 himself

171 3634 375 3704 distinguishes
396 3634 559 3704 possession
580 3634 659 3704 (Dig.
680 3648 721 3687 ιο.
735 3646 761 3700 4.
780 3632 865 3702 3.15)
886 3633 942 3688 and
961 3632 1117 3703 obligation
1136 3631 1216 3702 (Dig.
1233 3647 1277 3699 44.
1297 3645 1321 3698 7.

174 3718 218 3785 14)
232 3716 291 3772 into
304 3717 369 3773 civil
381 3718 439 3773 and
452 3719 571 3773 natural.

208 3799 223 3871 ξ
237 3802 268 3855 2.
289 3801 405 3870 Slavery
418 3800 443 3856 is
454 3802 522 3856 here
535 3800 597 3855 said
610 3811 640 3855 to
653 3800 688 3855 be
701 3799 821 3855 naturali
835 3797 887 3854 iuri
905 3799 1055 3867 contraria,
1068 3799 1125 3854 and
1138 3816 1171 3853 so
1184 3798 1212 3852 in
1227 3797 1282 3853 Tit.
1298 3811 1322 3867 5.

171 3900 214 3954 pr.
228 3882 276 3937 inf.
291 3883 433 3953 Justinian
447 3882 601 3953 (following
619 3883 736 3954 Ulpian,
755 3884 824 3938 Inst.
842 3898 863 3937 1.
881 3882 905 3950 ι)
923 3901 989 3953 says
1009 3883 1070 3938 that
1089 3883 1128 3951 by
1141 3883 1251 3936 natural
1270 3882 1323 3936 law

171 3967 295 4021 alimen
318 3984 366 4022 are
387 3967 459 4021 born
478 3966 545 4035 free,
565 3967 677 4036 slavery
696 3966 804 4036 having
825 3967 898 4020 been
921 3965 1088 4020 introduced
1107 3965 1166 4019 iure
1186 3964 1322 4034 gentium.

171 4049 316 4118 Similarly
336 4048 516 4105 Florentinus
535 4066 601 4120 says
624 4048 759 4105 ‘servitus
780 4059 823 4105 est
846 4048 1009 4103 constitutio
1028 4048 1095 4103 iuris
1112 4048 1247 4118 gentium,
1266 4064 1323 4119 qua

171 4133 237 4204 quis
253 4132 379 4187 dominio
392 4134 486 4189 alieno
498 4145 598 4189 contra
610 4144 740 4189 naturam
753 4132 914 4189 subiicitur'
928 4133 992 4203 Dig.
1010 4148 1030 4187 1.
1047 4146 1070 4202 5.
1082 4147 1108 4201 4.
1122 4150 1171 4204 pr.,
1185 4133 1220 4189 cl.
1234 4134 1323 4189 Gaius

171 4217 191 4271 i.
206 4229 258 4285 523
276 4216 331 4271 Tit
345 4218 370 4271 8.
387 4232 409 4274 1.
422 4216 480 4286 ins,
493 4218 550 4273 and
568 4216 713 4286 Aristotle,
727 4218 787 4273 Pol.
801 4217 817 4271 i.
832 4233 847 4270 2
861 4218 937 4288 ὁγὰρ
951 4219 1027 4285 νόμος
1039 4217 1166 4288 ὁμολογία
1184 4239 1224 4273 τις
1242 4218 1323 4285 ἐστίν,

170 4300 201 4354 c'r
212 4295 234 4373 γ’
245 4300 277 4353 rd
289 4301 352 4353 κατὰ
363 4302 481 4368 πόλεμον
492 4298 650 4371 κρατούμενα
662 4305 713 4355 τῶν
724 4299 885 4369 κροτούντων
895 4295 959 4355 εἶναι’
971 4302 1063 4370 φασιν.

209 4384 266 4450 §a
285 4383 348 4438 The
366 4392 454 4439 ternus
473 4383 517 4438 ius
535 4383 672 4454 scriptum
690 4382 748 4438 and
767 4400 824 4438 non
843 4383 978 4454 scriptum
997 4400 1078 4451 were,
1094 4393 1124 4437 to
1142 4384 1191 4438 the
1210 4384 1321 4437 Roman

172 4464 262 4536 mind,
274 4466 333 4523 free
344 4466 418 4523 from
436 4466 473 4523 all
490 4466 609 4525 modern
627 4466 809 4538 ambiguities
821 4484 853 4524 as
867 4478 897 4523 to
915 4469 968 4523 law
981 4467 1091 4524 written
1104 4468 1162 4523 and
1175 4465 1323 4521 unwritten
