2986 5048
193 364 256 449 356
394 368 743 428 INSTIYUTIONUM
761 370 881 426 LIBRI
898 370 1135 442 QUATTUOR.
1197 372 1350 441 'amnt

193 558 270 602 vcro
300 537 454 621 adgnatis
485 536 643 600 interioris
672 536 805 619 gradus,
833 536 908 601 licet
934 537 1050 620 capitis
1080 537 1347 603 deminutionem

194 642 281 722 passi
320 662 386 705 non
426 650 512 716 sunt,
553 649 666 704 tamen
705 661 762 705 eos
801 640 974 723 anteponit
1016 650 1049 705 et
1086 640 1200 724 procul
1241 643 1348 706 dubio

165 745 353 825 2cognatis.
411 744 485 807 Hos
511 744 622 820 etiam,
647 744 703 825 qui
730 764 789 826 per
811 742 958 807 seminini
984 764 1087 808 sexus
1113 765 1273 827 personas
1299 767 1346 809 ex

193 856 379 912 transverso
408 848 606 930 cognatione
636 848 824 930 iunguntur,
855 848 953 911 tertio
983 848 1086 930 gradu
1117 849 1347 930 proximitatis

164 952 327 1017 3nomine
366 963 499 1034 praetor
531 952 574 1015 ad
617 953 856 1016 successionem
887 961 994 1016 vocat.
1054 952 1166 1016 Liberi
1200 973 1345 1035 quoque,

193 1055 249 1135 qui
273 1056 305 1118 in
328 1055 484 1139 adoptiva
506 1055 629 1118 familia
653 1066 740 1131 sunt,
762 1056 805 1119 ad
829 1055 1027 1119 naturalium
1051 1065 1225 1139 parentum
1249 1054 1345 1119 here·

163 1158 332 1223 tditatem
349 1158 411 1223 hoc
432 1160 548 1223 eodem
570 1160 673 1241 gradu
689 1169 857 1224 vocantur.
900 1159 1013 1241 Vulgo
1029 1160 1195 1241 quaesitos
1214 1158 1344 1222 nullum

192 1262 315 1326 habere
343 1262 527 1344 adgnatum
559 1261 767 1326 manifestum
805 1272 866 1338 est,
895 1283 970 1326 cum
1001 1262 1159 1344 adgnatio
1187 1283 1208 1327 a
1236 1268 1344 1345 patre,

193 1366 347 1450 cognatio
376 1366 419 1430 sit
444 1385 465 1429 a
489 1374 603 1444 matre,
629 1365 662 1428 hi
688 1375 801 1429 autem
831 1365 956 1429 nullum
986 1374 1114 1448 patrem
1141 1365 1265 1430 habere
1295 1366 1345 1429 in·

192 1470 402 1552 telleguntur.
454 1469 572 1533 eadem
603 1468 731 1532 ratione
761 1489 821 1533 nec
852 1470 936 1533 inter
965 1490 1001 1532 se
1036 1469 1172 1551 quidem
1201 1477 1344 1552 possunt

191 1575 293 1638 videri
323 1574 558 1654 consanguinei
589 1593 668 1649 esse,
699 1573 778 1654 quia
808 1573 1103 1655 consanguinitatis
1134 1573 1183 1635 ius
1214 1574 1345 1654 species

192 1689 242 1741 est
271 1677 499 1760 adgnationis:
532 1683 664 1739 tantum
699 1676 799 1758 igitur
827 1676 959 1758 cognati
989 1684 1066 1739 sunt
1096 1675 1167 1753 sibi,
1192 1674 1280 1739 sicut
1310 1685 1344 1740 et

192 1780 306 1844 matris
337 1779 494 1863 cognatis.
547 1780 660 1860 itaque
693 1779 847 1842 omnibus
883 1780 953 1842 istis
989 1799 1028 1843 ea
1057 1787 1151 1861 parte
1181 1779 1345 1861 competit

191 1886 352 1948 bonorum
368 1884 539 1966 possessio,
555 1903 620 1965 qua
636 1883 860 1966 proximitatis
879 1883 1010 1947 nomine
1026 1882 1158 1965 cognati
1173 1892 1344 1949 vocantur.

162 1989 270 2053 5Hoc
296 1989 369 2053 loco
392 1999 425 2054 ct
452 1987 532 2051 illud
561 1988 744 2051 necessario
770 1987 970 2052 admonendi
993 2007 1105 2051 sumus
1131 1987 1344 2069 adgnationis

191 2093 325 2176 quidem
356 2093 424 2156 iure
453 2093 585 2156 admitti
612 2092 756 2174 aliquem
783 2093 826 2156 ad
852 2092 1071 2156 hereditatem
1097 2092 1184 2156 etsi
1211 2092 1344 2157 decimo

191 2195 296 2279 gradu
319 2197 371 2269 sit,
391 2196 458 2259 sive
479 2197 522 2259 de
544 2196 617 2277 lcge
640 2195 816 2259 duodecim
837 2196 1025 2260 tabularum
1048 2214 1255 2276 quaeramus,
1274 2196 1344 2260 sive

191 2300 234 2362 de
250 2298 358 2362 edicto
374 2319 440 2380 quo
455 2309 587 2381 praetor
602 2298 757 2382 legitimis
772 2298 947 2362 heredibus
958 2298 1111 2362 daturum
1128 2317 1164 2362 se
1177 2297 1344 2363 bonorum

190 2402 429 2485 possessionem
452 2403 635 2485 pollicetur.
673 2404 898 2486 proximitatis
923 2423 1002 2467 vero
1029 2402 1161 2465 nomine
1184 2400 1237 2464 his
1263 2403 1344 2495 solis

189 2515 322 2588 praetor
336 2506 500 2588 promittit
515 2506 677 2570 bonorum
693 2507 944 2590 possessionem,
955 2505 1011 2588 qui
1027 2525 1131 2587 usque
1147 2504 1190 2567 ad
1207 2514 1344 2569 sextum

190 2609 331 2692 gradum
346 2610 550 2692 cognationis
565 2621 651 2689 sunt,
668 2620 701 2674 ct
720 2631 764 2674 ex
780 2611 923 2694 septimo
946 2629 967 2673 a
989 2608 1123 2674 sobrino
1143 2606 1345 2693 sobrinaque

191 2724 270 2778 nato
287 2722 433 2779 nataeve.

740 2832 800 2897 VI.

494 3010 544 3060 nn
566 3009 755 3062 nunninus
777 3009 1039 3062 cocnnnours.

238 3163 313 3227 Hoc
329 3163 402 3227 loco
418 3162 637 3227 necessarium
654 3170 704 3226 est
725 3182 900 3245 exponere,
916 3159 1198 3243 quemadmodum
1219 3164 1344 3245 gradus

191 3267 395 3349 cognationis
413 3276 633 3330 numerentur.
663 3286 728 3348 qua
745 3266 777 3327 in
794 3286 828 3328 re
847 3264 995 3347 inprimis
1010 3264 1210 3328 admonendi
1227 3286 1343 3331 sumus

191 3369 422 3451 cognationem
452 3369 550 3433 aliam
581 3391 680 3452 supra
710 3368 882 3442 numerari,
913 3367 1012 3430 aliam
1043 3367 1134 3442 inira,
1165 3366 1267 3430 aliam
1300 3391 1344 3433 ex

191 3481 385 3553 transverso,
401 3494 486 3555 quae
507 3473 607 3537 etiam
628 3495 648 3536 a
669 3472 771 3536 latere
790 3471 917 3535 dicitur.
955 3469 1101 3553 superior
1121 3471 1278 3553 cognatio
1293 3481 1345 3536 est

190 3576 385 3657 parentium,
397 3575 530 3640 inletior
541 3576 729 3650 liberorum,
742 3595 787 3639 ex
798 3584 984 3638 transverso
999 3572 1135 3637 fratrum
1151 3593 1345 3638 sororumve

191 3815 346 3870 deminutio
372 3817 400 3871 in
422 3814 478 3870 this
500 3815 608 3871 section
631 3814 654 3869 is
676 3814 709 3868 of
727 3830 826 3869 course
847 3822 944 3869 meant
968 3814 1036 3883 only
1058 3812 1159 3883 capitis
1184 3812 1344 3869 deminutio

190 3900 316 3954 minima

227 3984 284 4054 §2
312 3983 374 4036 The
394 3994 506 4053 praetor
530 3982 588 4037 had
613 3982 673 4036 also
695 3980 834 4035 admitted
859 3997 977 4049 persons
1002 3979 1111 4034 related
1134 3978 1243 4034 directa
1266 3979 1344 4035 linea

190 4066 312 4135 through
337 4066 454 4120 iemales
477 4082 582 4133 among
607 4063 735 4133 cognati;
760 4064 810 4117 but
835 4064 873 4132 by
895 4063 943 4117 the
965 4063 1033 4116 SC‘.
1057 4060 1262 4116 Tertullianum
1284 4065 1344 4118 and

192 4150 362 4204 Orfitianum
381 4149 438 4203 and
454 4147 528 4203 their
545 4149 759 4217 developments
778 4147 858 4200 these
877 4146 935 4200 had
953 4145 1026 4200 been
1044 4143 1138 4199 raised
1156 4154 1187 4199 to
1205 4146 1254 4201 the
1270 4147 1344 4202 rank

192 4232 319 4302 legitimi,
333 4232 365 4286 oi
374 4232 464 4286 hence
478 4233 528 4285 ‘ex
541 4232 717 4286 transverso'
730 4230 757 4283 in
771 4230 819 4284 the
832 4239 898 4283 text.

227 4316 283 4386 §a
303 4316 373 4370 This
386 4317 473 4371 refers
493 4316 526 4369 ol
540 4332 640 4369 course
653 4316 719 4384 only
736 4325 765 4368 to
784 4313 932 4381 adrogatio
951 4312 1009 4367 and
1027 4311 1144 4383 adoptio
1161 4313 1263 4382 plena;
1281 4311 1308 4367 if
1322 4313 1343 4368 it

191 4417 263 4455 were
281 4400 375 4454 minus
393 4401 478 4469 plena
495 4401 543 4454 the
559 4400 710 4468 adoptatus
728 4398 887 4452 succeeded
903 4408 933 4453 to
949 4396 994 4452 his
1011 4398 1121 4452 natural
1138 4395 1231 4451 father
1249 4395 1278 4451 in
1294 4397 1343 4453 the

191 4482 250 4538 first
263 4482 347 4538 order
360 4482 463 4553 (liberi)
474 4501 482 4546 ς
500 4500 549 4538 see
561 4499 598 4537 on
613 4482 668 4537 Tit.
686 4496 707 4536 1.
724 4496 755 4548 14
768 4497 842 4551 supr.
