2986 5048
115 380 230 449 Thra]
302 379 458 453 QUIBUS
477 379 572 438 NON
589 380 674 437 EST
693 380 955 452 PERMISSUM,
978 381 1039 439 ΕΤ
1038 380 1070 440 C.
1201 387 1265 457 245

114 544 175 608 sed
194 544 227 609 id
253 544 343 628 quod
367 553 445 608 ante
470 543 593 621 fecerit,
619 565 720 628 quam
744 544 931 610 interdictio
956 545 987 609 ei
1008 545 1171 610 bonorum
1195 546 1264 624 fiat,

115 658 224 713 ratum
240 658 300 714 est.
346 648 433 712 Item
456 656 568 711 mutus
591 658 625 712 et
647 649 766 712 surdus
789 669 855 712 non
878 669 1009 732 semper
1033 648 1142 714 iacere
1162 656 1295 715 testa-3

114 761 266 816 mentum
292 761 442 835 possunt.
484 752 599 835 utique
623 761 737 816 autem
763 753 807 817 de
830 772 871 816 eo
896 752 997 817 surdo
1015 752 1189 836 loquimur,
1207 754 1265 836 qui

114 857 252 922 omnino
267 877 334 920 non
349 856 496 932 exaudit,
513 876 579 920 non
594 857 652 939 qui
668 857 763 921 tarde
778 857 940 922 exaudit:
964 877 1042 921 narn
1059 867 1093 922 et
1109 866 1222 923 mutus
1238 860 1265 923 is

113 958 325 1044 intellegitur,
353 960 410 1044 qui
435 958 545 1044 eloqui
569 958 650 1024 nihil
674 969 795 1043 potest,
823 981 890 1025 non
915 961 972 1044 qui
994 960 1089 1025 tarde
1111 961 1265 1045 loquitur.

113 1085 215 1148 saepe
223 1076 336 1130 autem
352 1064 453 1128 etiam
469 1063 605 1128 litterati
621 1073 654 1128 et
669 1063 788 1128 eruditi
804 1064 956 1128 homines
973 1065 1071 1130 variis
1087 1065 1216 1130 casibus
1232 1076 1266 1132 et

113 1168 270 1232 audiendi
294 1177 328 1233 et
350 1167 508 1251 loquendi
530 1166 723 1232 facultatem
747 1168 927 1234 amittunt:
950 1169 1039 1233 unde
1060 1178 1173 1234 nostra
1188 1188 1266 1234 con·

113 1272 243 1337 stitutio
255 1272 355 1336 etiam
367 1272 420 1335 his
434 1271 596 1350 subvenit,
609 1281 647 1335 ut
662 1272 759 1336 certis
774 1271 906 1336 casibus
918 1280 952 1336 et
964 1273 1072 1337 modis
1083 1273 1265 1337 secundum

113 1394 264 1439 normam
281 1374 351 1440 eius
365 1375 493 1458 possint
515 1375 630 1439 testari
652 1374 784 1459 aliaque
805 1373 913 1439 iacere
935 1396 1021 1459 quae
1041 1376 1088 1441 eis
1106 1376 1265 1459 permissa

112 1487 200 1543 sunt.
245 1479 303 1544 sed
330 1480 358 1542 si
382 1480 456 1563 quis
479 1487 557 1562 post
583 1487 822 1543 testamentum
845 1478 970 1544 sactum
992 1478 1183 1544 valetudine
1206 1489 1265 1545 aut

112 1581 262 1666 quolibet
272 1582 339 1646 alio
353 1602 430 1647 casu
446 1591 559 1646 mutus
573 1592 632 1647 aut
647 1581 765 1648 surdus
783 1603 856 1647 esse
872 1582 1025 1666 coeperit,
1041 1593 1149 1648 ratum
1162 1583 1265 1649 nihilo

112 1686 222 1750 minus
237 1687 308 1752 eius
327 1695 477 1751 remanet
496 1694 746 1751 testamentum.
791 1685 920 1751 Caecus
937 1697 1052 1752 autem
1071 1708 1136 1752 non
1152 1696 1295 1775 potest4

111 1788 220 1854 iacere
243 1799 482 1855 testamentum
508 1788 570 1855 nisi
600 1810 660 1872 per
685 1790 962 1868 observationem,
987 1811 1089 1873 quam
1115 1791 1172 1855 lex
1196 1791 1263 1856 divi

113 1892 232 1958 Iustini
246 1894 350 1977 patris
364 1894 430 1958 mei
445 1892 642 1959 introduxit
680 1893 771 1972 Eius,
782 1895 840 1977 qui
855 1895 944 1977 apud
956 1893 1071 1960 hostes
1087 1905 1146 1972 est,
1161 1904 1294 1963 testa-5

80 2070 83 2075 ¹
112 2006 263 2062 mentum
278 1999 369 2081 quod
390 1998 435 2062 rbi
453 1997 531 2063 iecit
553 2016 619 2062 non
635 1997 734 2076 valet,
754 1997 906 2081 quamvis
921 1998 1075 2064 redierit:
1100 1999 1157 2064 sed
1173 2000 1263 2081 quod

110 2103 192 2166 dum
205 2102 237 2167 in
254 2103 387 2168 civitate
402 2103 510 2168 suerat
525 2101 614 2183 lecit,
629 2103 698 2168 sive
713 2103 856 2181 redierit,
870 2102 960 2169 valet
975 2104 1044 2169 iure
1059 2104 1262 2187 postliminii,

111 2207 181 2271 sive
196 2206 262 2271 illic
277 2208 465 2282 decesserit,
481 2205 571 2272 valet
587 2223 632 2271 ex
648 2206 722 2290 lege
738 2205 902 2271 Cornelia.

147 2357 161 2431 ξ
175 2363 205 2418 8.
223 2361 302 2417 Deaf
310 2378 343 2415 or
354 2361 443 2417 dumb
455 2378 574 2432 persons
586 2360 645 2416 had
656 2361 730 2416 been
743 2361 902 2429 altogether
920 2361 1024 2416 unable
1036 2370 1067 2416 to
1079 2363 1164 2417 make
1176 2379 1194 2416 a
1206 2362 1261 2418 will

109 2461 162 2514 per
173 2460 223 2501 aes
235 2456 263 2501 et
275 2445 385 2516 libram,
398 2447 447 2501 the
459 2444 572 2515 tormer,
585 2444 738 2516 ‘quoniam
750 2444 837 2499 verba
845 2443 969 2500 familiae
981 2445 1117 2515 emptoris
1130 2445 1264 2502 exaudire

109 2544 169 2583 non
186 2530 296 2599 potest,’
308 2530 357 2585 the
375 2530 466 2598 latter,
479 2527 632 2599 ‘quoniam
644 2528 732 2584 verba
750 2527 969 2599 nuncupationis
981 2528 1059 2599 loqui
1077 2545 1134 2582 non
1153 2530 1264 2600 potest’

112 2611 228 2681 Ulpian,
241 2629 297 2682 reg.
312 2626 407 2681 20.13.
445 2614 488 2681 By
502 2611 572 2667 Cod.
585 2612 610 2666 6.
626 2625 669 2666 22.
682 2626 715 2664 10
726 2609 868 2681 Justinian
880 2611 1017 2666 removed
1031 2611 1081 2666 the
1094 2611 1265 2681 incapacity,

110 2710 179 2750 save
196 2694 269 2749 from
286 2696 369 2752 those
382 2696 446 2751 who
462 2712 535 2751 were
553 2695 623 2750 deas
639 2694 697 2750 and
715 2693 804 2749 dumb
823 2693 896 2748 from
914 2693 990 2749 birth
1011 2694 1122 2765 (except
1141 2696 1264 2764 perhaps

109 2778 238 2849 soldiers,
250 2779 307 2837 Tit.
322 2794 363 2834 ιι.
376 2794 392 2834 2
405 2778 503 2851 supr.),
515 2779 615 2835 buthe
628 2778 760 2850 required
776 2778 860 2833 those
876 2778 939 2833 who
953 2794 1026 2834 were
1042 2778 1131 2833 dumb
1143 2788 1173 2833 to
1186 2777 1264 2834 write

109 2862 184 2918 their
194 2879 258 2918 own
271 2863 341 2918 willa
353 2863 535 2933 throughout.

147 2943 205 3016 54.
223 2945 287 3002 'ibe
305 2945 453 3002 execution
472 2945 506 3000 ol
519 2962 537 3000 a
554 2944 635 3000 blind
652 2946 743 2999 man's
756 2944 811 2999 will
828 2941 960 3015 required
977 2944 1026 3000 the
1044 2960 1181 3015 presence
1199 2943 1232 2999 ol
1246 2960 1265 2999 a

109 3038 219 3099 notary,
232 3045 272 3098 or,
288 3029 312 3084 ir
325 3044 381 3085 one
399 3028 484 3085 could
502 3039 552 3085 not
567 3029 604 3085 be
619 3028 768 3099 procured,
786 3027 820 3082 ol
833 3044 871 3082 an
888 3026 1045 3083 additional
1064 3026 1188 3098 witness,
1206 3027 1264 3083 and

109 3112 147 3166 all
159 3111 237 3182 eight
249 3112 308 3168 had
319 3123 350 3167 to
362 3113 425 3182 sign
438 3112 496 3167 and
509 3113 568 3167 seal
581 3112 630 3167 the
644 3120 807 3178 testament,
821 3109 892 3166 Cod.
905 3111 931 3166 6.
944 3125 989 3165 22.
1001 3111 1025 3166 8.

146 3193 204 3266 §⁶-
223 3196 286 3252 'lhe
304 3195 359 3252 will
380 3197 414 3252 os
428 3213 446 3251 a
468 3196 537 3251 civis
556 3197 620 3250 who
638 3211 697 3249 was
715 3195 802 3250 taken
824 3195 936 3265 captive
955 3194 994 3265 by
1012 3195 1061 3250 the
1082 3210 1187 3265 enemy
1205 3211 1263 3250 was

109 3278 231 3335 avoided
249 3280 289 3350 by
300 3280 346 3336 bis
362 3279 464 3350 capitis
481 3279 639 3335 deminutio
657 3278 782 3333 maxima
800 3278 897 3334 unless
915 3277 1116 3333 rehabilitated
1135 3278 1174 3348 by
1187 3288 1264 3348 post·

108 3362 248 3419 liminium
268 3365 346 3432 (note
361 3380 399 3419 on
417 3363 564 3418 Bk.1.1a.
581 3363 715 3433 5supr.);
741 3362 765 3416 if
778 3363 816 3418 he
835 3361 902 3418 died
921 3360 997 3432 apud
1015 3361 1114 3416 hostes
1132 3361 1169 3417 he
1187 3372 1264 3417 must
1354 3404 1363 3423 ,

108 3446 198 3501 needs
210 3446 258 3502 die
271 3447 409 3503 intestate
448 3446 519 3501 Tuis
533 3463 591 3502 was
606 3445 750 3501 remedied
764 3444 793 3499 in
806 3463 824 3500 a
837 3445 993 3501 somewhat
1012 3444 1125 3499 curious
1144 3460 1266 3499 manner

108 3530 208 3599 hythe
225 3531 271 3586 lex
290 3530 421 3585 Cornelia
439 3531 476 3585 de
493 3529 572 3585 salsis
586 3529 659 3598 (ιια
677 3530 720 3597 80,
735 3529 786 3584 Blc
801 3528 836 3584 iv.
854 3530 893 3583 18.
908 3541 923 3596 7
937 3526 1008 3597 int),
1026 3527 1118 3582 which
1132 3526 1263 3597 imposed

108 3613 247 3684 penalties
264 3631 301 3668 on
317 3615 400 3669 those
413 3615 476 3669 who
496 3613 595 3683 sorged
608 3612 678 3666 wills
695 3612 728 3666 os
742 3611 886 3682 prisoners
903 3612 967 3666 who
984 3610 1052 3666 died
1069 3611 1099 3665 in
1118 3609 1262 3681 captivity,

108 3695 125 3751 i.
137 3712 161 3753 a
175 3697 238 3752 who
251 3696 396 3767 produced
409 3713 427 3751 a
438 3695 538 3767 lorged
550 3695 605 3750 will
617 3695 708 3750 which
721 3695 789 3763 they
797 3694 954 3765 pretended
967 3693 1025 3749 had
1038 3694 1112 3749 been
1124 3693 1263 3749 executed

107 3780 146 3850 by
158 3781 207 3835 the
219 3780 361 3835 deceased
379 3770 464 3850 prior*
473 3790 503 3834 to
521 3779 566 3833 his
586 3789 712 3850 capture.
752 3780 838 3833 From
856 3778 914 3833 this
934 3778 954 3832 it
973 3794 1031 3832 was
1050 3776 1172 3833 inferred
1191 3775 1262 3843 that,

107 3863 166 3918 had
178 3864 248 3919 such
260 3879 279 3919 a
290 3863 346 3918 will
358 3864 432 3919 been
443 3863 567 3932 actually
576 3879 609 3916 so
618 3861 767 3930 executed,
775 3863 825 3917 the
835 3862 888 3916 law
899 3861 992 3916 would
1003 3870 1053 3915 not
1066 3862 1140 3915 have
1152 3860 1263 3915 treated

107 3945 129 4001 it
147 3962 180 4001 as
196 3946 263 4002 void
275 3965 282 4015 ;
300 3946 322 4003 it
334 3946 418 4001 could
430 3954 480 4001 not
497 3946 570 4000 have
583 3945 717 4000 stultitied
730 3943 807 4000 itseli
823 3945 861 4014 by
873 3944 1033 4014 penalising
1047 3944 1097 3998 the
1109 3942 1221 4012 forgery
1233 3940 1266 3996 ol

107 4044 145 4083 an
164 4029 332 4087 instrument
345 4029 446 4099 which,
458 4047 495 4084 ex
510 4028 663 4101 hypothesi,
677 4029 761 4083 could
778 4029 852 4083 have
870 4045 908 4083 no
926 4028 1000 4097 legal
1018 4026 1101 4082 effect
1120 4027 1263 4080 whatever

107 4111 196 4181 (fictio
208 4112 279 4184 legis
293 4112 472 4182 Comeliae):
492 4112 570 4183 ‘lege
585 4111 716 4167 Cornelia
730 4120 902 4167 testamenta
914 4125 1021 4179 eorum,
1033 4108 1081 4179 qui
1095 4109 1124 4163 in
1136 4108 1262 4163 hostium

105 4205 248 4265 potestate
267 4197 459 4265 decesserunt,
477 4195 595 4266 perinde
614 4195 817 4250 confirmantur
838 4210 872 4248 ac
892 4193 916 4247 si
935 4192 975 4260 hi,
995 4191 1042 4264 qui
1065 4208 1101 4247 ea
1118 4191 1261 4260 fecissent,

107 4277 136 4332 in
153 4278 277 4335 hostium
294 4289 465 4351 potestatem
481 4295 538 4334 non
558 4277 1004 4349 pervenissent'Dig.28.1.1a
1041 4276 1106 4330 Tne
1123 4274 1261 4345 principle

106 4361 141 4415 of
154 4361 203 4418 the
221 4362 317 4418 fiction
335 4379 392 4418 was
411 4362 613 4433 subsequently
625 4360 767 4417 extended
784 4371 815 4415 to
834 4361 871 4415 all
889 4359 980 4430 rights
999 4358 1056 4414 and
1075 4358 1260 4431 dispositions

106 4445 257 4514 whatever,
270 4445 315 4500 ‘in
327 4445 460 4501 omnibus
472 4444 600 4515 partibus
618 4444 686 4500 iuris
699 4444 732 4513 is,
744 4442 792 4515 qui
805 4459 934 4499 reversus
947 4459 1004 4498 non
1017 4451 1061 4498 est
1073 4443 1111 4497 ab
1122 4441 1261 4512 hostibus,

106 4527 189 4602 quasi
201 4538 269 4586 tunc
280 4529 439 4587 meusim
450 4528 570 4599 videtur,
583 4545 648 4585 cum
660 4539 760 4600 captus
772 4529 864 4585 esset’
876 4527 944 4598 Dig.
956 4541 999 4597 49.
1016 4537 1055 4597 ις.
1073 4526 1112 4582 ι8.
