2986 5048
164 366 216 420 m.
229 361 281 432 24]
371 358 432 415 οε
452 356 695 415 ιοεΑποΝΕ
715 358 775 413 ar
796 356 1103 417 conuucrrons.
1247 359 1312 435 425

166 545 232 590 non
255 521 387 607 proprie
407 521 528 588 locatio
544 532 578 588 et
600 521 776 588 conductio
790 521 938 588 contrahi
961 523 1168 606 intellegitur,
1190 524 1249 588 sed
1273 544 1313 588 eo

167 630 300 695 nomine
315 628 525 711 praescriptis
539 627 647 692 verbis
667 630 755 693 actio
770 629 876 693 datur.
922 628 1095 694 Praeterea
1113 629 1196 693 sicut
1213 627 1344 710 vulgo2

166 731 394 816 quaerebatur,
419 751 462 794 an
493 731 689 813 permutatis
718 732 815 796 rebus
845 732 970 815 emptio
996 741 1030 796 et
1058 732 1208 795 venditio
1237 750 1315 795 con·

165 836 325 901 trahitur:
356 836 403 899 ita
425 835 539 917 quaeri
564 834 693 900 solebat
716 836 759 900 de
786 836 950 901 locatione
974 845 1008 901 et
1033 836 1260 914 conductione,
1286 834 1314 898 si

167 939 252 1005 forte
275 960 344 1004 rem
366 939 511 1021 aliquam
536 939 598 1003 tibi
622 941 779 1004 utendam
803 941 872 1005 sive
896 939 1068 1005 fruendam
1091 940 1165 1023 quis
1185 939 1315 1004 dederit

167 1055 200 1109 et
222 1045 362 1108 invicem
384 1065 404 1106 a
426 1053 459 1107 te
479 1042 579 1107 aliam
599 1044 757 1109 utendam
775 1046 844 1109 sive
866 1045 1039 1110 fruendam
1061 1044 1236 1125 acceperit.
1281 1051 1315 1106 et

166 1149 290 1232 placuit
312 1168 380 1212 non
400 1168 471 1211 esse
497 1129 696 1212 locationem
721 1158 754 1213 et
778 1151 1040 1228 conductionem,
1062 1149 1121 1213 sed
1146 1148 1315 1232 proprium

166 1274 272 1337 genus
301 1273 373 1316 esse
403 1260 598 1317 contractus.
642 1251 745 1317 veluti
780 1254 818 1331 si,
848 1274 924 1318 cum
954 1261 1055 1317 un'um
1086 1253 1160 1335 quis
1194 1251 1315 1315 bovem

166 1357 303 1422 haberet
324 1366 358 1420 et
378 1356 502 1420 vicinus
517 1356 587 1419 eius
603 1376 714 1435 unum,
729 1357 888 1441 placuerit
903 1359 988 1422 inter
1004 1378 1071 1434 eos,
1086 1366 1123 1420 ut
1138 1376 1198 1439 per
1212 1356 1315 1420 denos

167 1462 239 1526 dies
261 1460 401 1523 invicem
423 1458 526 1523 boves
548 1461 806 1540 commodarent,
829 1470 865 1525 ut
887 1483 971 1544 opus
994 1460 1147 1538 facerent,
1169 1468 1204 1523 et
1225 1459 1314 1541 apud

166 1564 307 1630 alterum
331 1563 393 1627 bos
421 1564 537 1647 periit:
569 1584 676 1646 neque
706 1564 804 1629 locati
826 1564 879 1629 vel
905 1565 1058 1631 conducti
1088 1584 1195 1647 neque
1225 1583 1316 1627 conr-

168 1669 294 1733 modati
310 1669 470 1750 competit
484 1667 583 1743 actio,
598 1669 676 1750 quia
692 1689 757 1733 non
777 1668 839 1734 fuit
856 1671 1036 1752 gratuitum
1057 1667 1315 1746 commodatum,

166 1792 281 1837 verum
314 1771 524 1854 praescriptis
560 1770 668 1834 verbis
700 1774 867 1855 agendum
894 1782 953 1838 est.
1006 1771 1105 1836 Adeo
1131 1779 1244 1834 autem
1267 1769 1346 1835 fa·3

168 1876 392 1940 miliaritatem
426 1874 570 1958 aliquam
602 1875 687 1939 inter
715 1898 750 1940 se
783 1876 906 1942 habere
938 1877 1093 1941 videntur
1121 1874 1247 1957 emptio
1282 1885 1316 1938 et

166 1980 323 2058 venditio,
349 1979 428 2042 item
453 1976 574 2042 locatio
598 1987 632 2042 et
656 1979 840 2059 conductio,
863 1991 900 2045 ut
929 1979 963 2044 in
986 1979 1185 2062 quibusdam
1210 1978 1316 2042 causis

166 2085 280 2167 quaeri
295 2082 407 2156 soleat,
424 2091 533 2146 utrum
549 2082 675 2164 emptio
691 2092 724 2148 et
738 2085 885 2149 venditio
901 2083 1120 2158 contrahatur,
1136 2102 1181 2146 an
1194 2081 1316 2146 locatio

168 2197 203 2253 et
218 2187 403 2251 conductio.
447 2195 485 2250 ut
505 2207 581 2250 ecce
603 2187 645 2250 de
665 2189 817 2269 praediis,
833 2210 919 2272 quae
940 2199 1099 2273 perpetuo
1117 2186 1315 2270 quibusdam

168 2291 305 2356 fruenda
327 2292 509 2368 traduntur,
528 2291 561 2355 id
583 2301 633 2355 est
652 2300 696 2370 ut,
711 2294 869 2375 quamdiu
891 2293 1006 2376 pensio
1027 2294 1095 2357 sive
1114 2293 1238 2355 reditus
1256 2310 1316 2372 pro

167 2395 220 2459 his
247 2395 382 2458 domino
408 2403 603 2477 praestetur,
632 2415 739 2477 neque
764 2397 825 2479 ipsi
850 2396 1042 2462 conductori
1069 2415 1176 2476 neque
1202 2393 1315 2458 heredi

120 2502 123 2506 ⁴
169 2499 247 2577 eius,
263 2498 356 2562 cuive
371 2498 552 2562 conductor
572 2497 708 2562 heresve
729 2499 799 2564 eius
819 2498 851 2562 id
874 2501 1045 2583 praedium
1061 2498 1245 2562 vendiderit
1259 2505 1317 2560 aut

168 2601 342 2667 donaverit
352 2610 410 2665 aut
422 2602 510 2665 dotis
522 2601 654 2665 nomine
666 2602 795 2667 dederit
805 2602 912 2667 aliove
924 2624 990 2685 quo
1003 2603 1104 2665 modo
1115 2600 1315 2675 alienaverit,

168 2704 294 2770 auferre
316 2703 423 2769 liceat.
467 2706 526 2770 sed
550 2704 626 2769 talis
649 2715 845 2783 contractus,
870 2708 947 2789 quia
971 2706 1055 2771 inter
1073 2714 1200 2769 veteres
1221 2704 1316 2768 dubi·

168 2809 303 2874 tabatur
332 2817 366 2872 et
394 2828 416 2872 a
442 2808 640 2891 quibusdem
662 2807 790 2885 locatio,
814 2831 834 2873 a
854 2810 1054 2893 quibusdam
1081 2807 1228 2873 venditio
1255 2827 1315 2871 ex·

169 2912 395 2978 istimabatur:
427 2912 485 2978 lex
521 2913 711 2977 Zenonia-na
739 2913 809 2978 lata
843 2923 905 2991 est,
940 2934 1025 2997 quae
1059 2912 1316 2994 emphyteuseos

168 3018 351 3083 contractui
381 3018 548 3100 propriam
579 3017 695 3082 statuit
726 3026 879 3086 naturam,
907 3038 1015 3101 neque
1043 3018 1087 3081 ad
1117 3015 1316 3080 locationem

170 3143 278 3205 neque
316 3123 358 3186 ad
396 3122 621 3186 venditionem
657 3122 879 3202 inclinantem,
915 3123 973 3188 sed
1009 3123 1076 3186 suis
1111 3119 1317 3204 pactionibus

169 3225 378 3304 fulciendam,
408 3236 443 3290 et
479 3225 507 3290 si
543 3225 677 3308 quidem
713 3226 839 3310 aliquid
876 3236 1011 3310 pactum
1041 3224 1147 3302 fuerit
1177 3224 1241 3289 hoc
1271 3222 1318 3288 ita

169 3330 328 3414 optinere,
347 3351 386 3395 ac
406 3331 433 3394 si
455 3330 614 3394 naturalis
636 3339 724 3394 esset
747 3340 943 3410 contractus,
964 3330 1014 3395 sin
1036 3339 1148 3394 autem
1172 3327 1253 3392 nihil
1275 3328 1318 3392 de

169 3434 316 3519 periculo
337 3434 382 3498 rei
403 3434 500 3498 fuerit
517 3445 661 3518 pactum,
677 3445 756 3499 tunc
774 3435 800 3499 si
821 3436 956 3519 quidem
977 3435 1079 3500 totius
1100 3434 1145 3498 rei
1167 3433 1318 3497 interitus

169 3539 351 3617 accesserit,
375 3539 418 3603 ad
441 3538 611 3603 dominum
635 3560 733 3623 super
756 3539 820 3603 hoc
845 3541 1029 3605 redundare
1052 3537 1244 3622 periculum,
1268 3538 1319 3601 sin

170 3642 383 3726 particularis
400 3642 442 3705 ad
465 3641 797 3724 emphyteuticarium
817 3642 1006 3708 huiusmodi
1025 3644 1183 3707 damnum
1199 3640 1319 3704 venire.

169 3895 324 3965 nominate,
334 3913 363 3968 p.
373 3897 425 3965 386
435 3914 509 3967 supr.
531 3897 560 3951 lf
568 3896 640 3951 after
651 3895 757 3966 having
769 3895 818 3951 left
830 3896 879 3950 the
892 3895 1100 3951 remuneration
1115 3906 1144 3951 to
1154 3896 1190 3950 bc
1201 3895 1274 3950 fixed
1282 3896 1321 3965 by

170 3981 344 4051 subsequent
359 3991 558 4050 arrangement
575 3980 703 4035 between
717 3980 887 4034 themselves
900 3979 949 4033 the
966 3979 1070 4050 parties
1083 3997 1156 4033 were
1174 3979 1277 4034 unable
1290 3989 1321 4034 to

170 4081 253 4120 come
274 4072 304 4118 to
322 4074 419 4132 terms,
437 4063 485 4118 the
505 4063 573 4118 fullo
594 4080 627 4118 or
648 4062 803 4118 sarcinator
824 4061 908 4119 could
928 4062 1011 4132 bring
1031 4080 1068 4118 an
1089 4062 1164 4118 actio
1183 4061 1320 4131 mandati,

170 4147 230 4202 Tit.
244 4146 287 4202 26.
304 4161 334 4215 13
348 4146 395 4201 inf.

207 4231 223 4298 ς
236 4233 264 4286 2
285 4231 340 4285 See
353 4229 409 4285 Tit.
424 4243 467 4298 23.
480 4244 495 4283 2
509 4229 566 4283 and
579 4237 670 4297 notes,
683 4245 759 4299 supr.

208 4316 224 4383 ς
236 4317 264 4369 8.
284 4315 341 4369 For
353 4314 402 4368 the
414 4313 522 4382 history
534 4313 592 4368 and
610 4322 710 4368 nature
728 4313 761 4367 of
775 4310 968 4382 emphyteusis
982 4328 1030 4367 see
1044 4328 1070 4381 p.
1081 4324 1132 4379 313
1145 4328 1221 4381 supr.
1258 4312 1321 4369 The

170 4407 349 4456 enactments
367 4397 400 4451 of
414 4398 489 4452 Zeno
507 4396 565 4451 and
583 4395 724 4466 Justinian
744 4395 793 4450 did
812 4406 862 4450 not
880 4395 922 4463 (as
943 4397 998 4450 Mr.
1012 4397 1106 4463 Poste,
1123 4412 1160 4448 on
1179 4394 1268 4450 Gaius
1281 4395 1319 4452 iii.

174 4495 234 4554 145,
246 4480 405 4554 supposes),
417 4478 527 4553 require
537 4478 673 4537 amitten
683 4480 760 4536 lease
769 4479 812 4534 for
821 4480 869 4536 the
879 4477 1042 4536 conclusion
1052 4479 1085 4534 of
1093 4479 1141 4535 the
1151 4488 1278 4534 contraet
1291 4477 1320 4533 in
