2986 5048
125 370 176 420 Tit.
191 363 241 430 m]
327 361 389 419 DE
409 360 553 418 POENA
581 361 759 417 TEMERE
778 361 1079 419 LITIGANTIUM.
1211 367 1274 437 599

171 528 224 592 De
250 527 365 592 ordine
389 537 423 592 et
445 526 549 592 veteri
572 525 665 591 exitu
690 525 939 591 interdictorum
963 534 1200 609 supervacuum
1225 538 1306 597 ests

125 626 226 695 hodie
240 632 367 695 dicere:
391 651 468 694 narn
492 631 645 712 quotiens
666 639 762 694 extra
781 631 931 694 ordinem
952 630 1001 694 ius
1021 631 1149 706 dicitur,
1164 631 1275 713 qualia

125 745 202 798 sunt
222 735 322 798 hodie
343 735 454 798 omnia
475 733 603 810 iudicia,
623 754 689 796 non
711 743 761 798 est
785 754 918 798 necesse
938 735 1031 798 reddi
1055 734 1274 808 interdictum,

125 839 185 902 sed
207 839 343 921 perinde
366 837 528 900 iudicatur
547 837 617 901 sine
638 836 827 916 interdictis,
842 845 942 920 atque
965 837 991 902 si
1013 838 1104 904 utilis
1121 839 1208 903 actio
1230 859 1276 903 ex

124 962 224 1007 causa
239 941 402 1006 interdicti
418 941 547 1005 reddita
562 939 685 1006 fuisset.

654 1176 749 1243 XVI.

368 1370 419 1424 ba
443 1372 564 1424 ponus
588 1372 741 1423 Taunus
764 1372 1031 1426 errcnnrrun.

168 1538 268 1606 Nunc
283 1538 485 1606 admonendi
501 1560 614 1603 sumus
633 1558 788 1623 magnam
805 1558 917 1605 curam
933 1541 1039 1624 egisse
1055 1562 1119 1621 eos,
1134 1541 1190 1625 qui
1207 1538 1275 1605 iura

124 1645 340 1718 sustinebant,
370 1665 412 1709 ne
441 1645 538 1709 facile
566 1642 718 1708 homines
743 1645 787 1708 ad
815 1643 1013 1728 litigandum
1040 1646 1274 1729 procederent:

123 1752 214 1833 quod
231 1759 265 1814 et
280 1749 376 1814 nobis
391 1749 502 1812 studio
517 1757 577 1811 est.
624 1748 723 1831 idque
738 1767 779 1812 eo
796 1748 942 1812 maxime
963 1748 1032 1812 fieri
1048 1756 1169 1832 potest,
1185 1748 1274 1831 quod

124 1853 294 1917 temeritas
320 1863 390 1916 tam
417 1851 585 1934 agentium
609 1871 710 1935 quam
739 1871 852 1915 eorum
878 1871 953 1915 cum
979 1851 1099 1935 quibus
1122 1861 1276 1934 ageretur

125 1958 225 2021 modo
251 1954 439 2039 pecuniaria
465 1975 582 2038 poena,
614 1955 714 2018 modo
747 1953 952 2019 iurisiurandi
979 1955 1144 2037 religione,
1173 1953 1274 2021 modo

124 2068 215 2123 metu
240 2059 394 2123 infamiae
416 2069 593 2123 coercetur.
647 2057 733 2122 Ecce
760 2060 847 2122 enirn
873 2059 1096 2123 iusiurandum
1121 2059 1301 2123 omnibusl

123 2163 178 2246 qui
202 2164 439 2227 conveniuntur
459 2183 503 2225 ex
527 2171 637 2225 nostra
661 2162 897 2226 constitutione
917 2162 1078 2227 defertur:
1102 2183 1179 2226 nam
1200 2182 1275 2226 reus

124 2286 190 2329 non
211 2266 308 2330 aliter
327 2266 394 2330 suis
415 2264 669 2348 allegationibus
687 2265 798 2343 utitur,
814 2267 875 2328 nisi
896 2266 985 2349 prius
1006 2266 1169 2342 iuraverit,
1185 2266 1274 2349 quod

125 2379 246 2453 putans
261 2390 296 2433 se
312 2369 400 2433 bona
416 2368 573 2432 instantia
594 2368 642 2432 uti
664 2369 706 2432 ad
729 2370 1021 2434 contradicendum
1037 2370 1195 2453 pervenit.
1240 2381 1276 2436 at

122 2475 281 2538 adversus
297 2473 477 2536 infitiantes
493 2493 537 2535 ex
552 2472 750 2554 quibusdam
771 2474 877 2537 causis
897 2473 990 2555 dupli
1013 2473 1065 2537 vel
1083 2473 1173 2556 tripli
1189 2475 1276 2539 actio

123 2578 345 2656 constituitur,
367 2575 468 2639 veluti
492 2576 519 2638 si
540 2575 652 2638 damni
677 2575 812 2638 iniuriae
831 2587 889 2640 aut
910 2576 1095 2658 legatomm
1117 2576 1198 2640 locis
1219 2598 1274 2641 ve-

125 2680 327 2744 nerabilibus
343 2679 529 2743 relictorum
549 2679 683 2741 nornine
704 2678 821 2761 agitur.
866 2679 979 2743 statim
994 2689 1106 2742 autem
1123 2678 1165 2743 ab
1182 2679 1275 2743 initio

122 2782 225 2866 pluris
246 2803 346 2866 quarn
367 2781 476 2865 simpli
500 2790 550 2845 est
572 2780 659 2845 actio
678 2781 779 2846 veluti
804 2781 879 2846 furti
904 2783 1068 2846 manifesti
1089 2780 1275 2865 quadrupli,

123 2907 183 2951 nec
208 2886 371 2950 manifesti
396 2885 510 2968 dupli:
542 2905 619 2947 nam
645 2905 689 2948 ex
712 2884 764 2948 his
787 2886 893 2949 causis
915 2897 949 2950 et
971 2885 1044 2950 aliis
1067 2886 1275 2968 quibusdam,

122 2992 191 3055 sive
217 2991 291 3073 quis
318 3001 417 3073 neget
441 2989 510 3053 sive
534 2988 683 3066 fateatur,
709 2989 812 3070 pluris
842 3009 942 3070 quam
967 2989 1076 3072 simpli
1101 3001 1151 3053 est
1177 2990 1273 3055 actio.

122 3094 202 3159 item
227 3093 347 3158 actoris
370 3114 503 3176 quoque
526 3091 691 3156 calumnia
718 3101 904 3157 coercetur:
952 3113 1028 3155 nam
1056 3092 1155 3156 etiam
1183 3101 1275 3158 actor

123 3219 182 3280 pro
199 3197 364 3261 calumnia
380 3198 484 3260 iurare
500 3195 629 3279 cogitur
645 3216 689 3259 ex
705 3206 816 3259 nostra
832 3197 1074 3260 constitutione.
1104 3197 1274 3280 utriusque

122 3302 223 3365 etiam
249 3302 353 3384 partis
375 3301 529 3364 advocati
553 3300 778 3364 iusiurandum
799 3299 950 3375 subeunt,
966 3301 1056 3382 quod
1077 3301 1141 3363 alia
1161 3311 1273 3366 nostra

121 3406 357 3469 constitutione
387 3402 661 3486 comprehensum
693 3411 752 3467 est.
810 3401 894 3467 haec
926 3413 1039 3468 autem
1072 3406 1184 3467 omnia
1213 3425 1273 3486 pro

120 3658 233 3728 double,
246 3676 277 3713 as
297 3658 321 3713 is
340 3660 416 3713 clear
434 3659 506 3713 from
525 3659 574 3715 the
592 3667 659 3726 text,
676 3658 800 3715 because
819 3658 898 3714 there
917 3658 941 3713 is
961 3676 999 3712 no
1017 3658 1177 3726 difference,
1191 3676 1224 3714 as
1243 3658 1272 3713 in

120 3743 253 3810 ordinary
273 3742 383 3796 actions
403 3742 460 3796 aud
480 3741 580 3811 simple
599 3740 754 3809 interdicts,
772 3742 901 3796 between
920 3742 968 3797 the
989 3741 1145 3812 respective
1167 3741 1227 3797 rble
1243 3742 1276 3797 of

120 3825 245 3894 plaintiff
258 3824 316 3879 and
329 3823 502 3889 defendant;
521 3825 569 3880 the
591 3823 700 3878 burden
721 3824 753 3877 of
768 3824 853 3894 proof
868 3823 919 3879 lies
939 3840 1015 3894 upon
1033 3825 1081 3879 the
1099 3835 1153 3878 two
1166 3824 1272 3893 parties

120 3908 241 3978 equally,
260 3907 317 3960 and
336 3906 494 3962 whichever
512 3923 613 3975 proves
632 3906 692 3959 that
712 3907 749 3960 he
768 3907 820 3960 bas
838 3916 888 3960 not
907 3906 1042 3961 obtained
1058 3907 1221 3976 possession
1235 3907 1271 3975 vi,

120 3991 202 4058 clam,
216 4008 247 4044 or
259 3989 387 4059 precario
400 3990 472 4044 from
485 3990 533 4044 the
550 3989 632 4043 other
647 3989 701 4043 will
715 3989 777 4058 win,
790 3989 848 4044 and
863 3990 912 4043 the
927 3989 1009 4044 other
1022 3990 1058 4044 be
1071 3989 1251 4045 condemned
1263 4011 1271 4056 ;

120 4074 189 4143 ‘par
207 4090 294 4127 causa
312 4071 438 4127 omnium
456 4072 581 4127 videtur'
600 4071 665 4141 Dig.
681 4085 741 4142 5.1.
759 4087 799 4141 13,
818 4072 872 4141 ‘hi,
891 4072 993 4144 quibus
1016 4072 1151 4142 competit
1172 4073 1269 4143 (inter-

119 4156 238 4223 dictum)
251 4167 279 4210 et
298 4167 408 4210 actores
427 4167 455 4211 et
475 4155 515 4210 rei
534 4157 614 4210 sunt’
627 4156 665 4210 ib.
677 4169 720 4224 43.
738 4170 814 4224 174
833 4172 855 4224 1,
874 4156 1040 4227 ‘quaeritur,
1054 4156 1117 4227 quis
1135 4168 1214 4212 actor
1229 4157 1270 4211 in-

119 4238 273 4307 tellegitur'
287 4239 352 4308 Dig.
368 4252 390 4308 5.
408 4253 431 4293 1.
447 4252 487 4307 13,
501 4238 634 4310 ‘uterque
646 4249 726 4293 actor
738 4241 797 4294 est'
809 4239 846 4295 ib.
859 4254 901 4306 44
917 4252 940 4307 7.
956 4253 999 4308 37.
1016 4255 1037 4293 1.

156 4320 170 4392 ξ
184 4326 212 4376 8.
234 4323 290 4375 For
302 4320 433 4377 interdict
449 4321 604 4393 procedure
622 4320 650 4375 in
663 4322 712 4377 the
729 4321 830 4378 earlier
841 4322 941 4393 period
956 4323 1014 4378 and
1026 4323 1116 4378 under
1127 4321 1268 4393 Justinian

119 4423 167 4460 see
181 4405 229 4459 the
241 4405 300 4459 first
313 4416 380 4460 note
393 4421 469 4474 upon
481 4404 538 4460 this
551 4404 633 4460 Title.

153 4491 213 4544 ‘nt
226 4490 348 4545 xm
370 4489 405 4543 lu
416 4489 465 4544 the
477 4486 546 4543 time
555 4488 588 4542 of
597 4486 686 4544 Gaius
698 4489 747 4544 the
759 4487 914 4546 defendant
924 4490 1007 4546 could
1019 4490 1056 4546 be
1066 4489 1225 4560 compelled
1237 4499 1268 4545 to
