2986 5048
197 371 259 435 124
397 360 747 416 INSTITUTIONUM
765 359 884 415 LIBRI
904 360 1141 431 QUATTUOR.
1248 362 1313 428 [blo.
1323 370 1345 418 1.

194 525 378 589 interventu
406 525 651 588 matrimonium
676 525 737 588 sibi
768 523 921 606 copulare
947 524 1126 588 secundum
1156 525 1272 588 datum
1299 546 1345 587 ex

193 629 429 692 constitutione
453 629 597 692 modum.

165 742 178 793 l
240 731 330 812 Ergo
350 752 415 795 non
438 751 553 796 omnes
578 732 672 795 nobis
699 751 819 795 uxores
842 732 961 795 ducere
983 729 1077 794 licet:
1109 751 1186 794 nam
1202 751 1346 813 quarun-

194 834 273 897 dam
290 836 412 916 nuptiis
427 835 659 899 abstinendum
683 845 743 898 est.
788 835 873 898 inter
887 855 943 898 eas
966 835 1054 896 enim
1078 854 1243 916 personas,
1259 855 1346 917 quae

194 948 368 1018 parentum
391 938 608 1002 liberorumve
630 938 739 1002 locum
764 939 848 1001 inter
868 960 904 1002 se
928 939 1088 1019 optinent,
1109 939 1244 1021 nuptiae
1266 959 1346 1003 con-

193 1039 279 1103 trahi
299 1060 364 1103 non
390 1050 539 1122 possunt,
555 1041 655 1104 veluti
676 1041 760 1103 inter
782 1049 910 1123 patrem
933 1052 966 1104 et
991 1040 1092 1104 filiam
1112 1040 1166 1104 vel
1189 1061 1287 1104 avum
1311 1055 1346 1106 et

194 1152 329 1224 neptem
348 1144 399 1207 vel
423 1155 562 1207 matrem
586 1153 619 1207 et
642 1144 745 1207 filium
763 1145 815 1207 vel
838 1146 946 1208 aviam
966 1155 1000 1206 et
1022 1154 1176 1226 nepotem
1192 1154 1225 1208 et
1241 1167 1347 1228 usque

195 1247 238 1309 ad
264 1246 445 1310 infinitum:
477 1257 511 1311 et
535 1249 562 1309 si
585 1246 669 1311 tales
692 1267 850 1328 personae
872 1247 956 1310 inter
978 1267 1014 1311 se
1037 1248 1182 1325 coierint,
1205 1248 1345 1313 nefarias

194 1359 295 1432 atque
311 1353 453 1415 incestas
469 1353 601 1434 nuptias
619 1353 825 1415 contraxisse
847 1353 1008 1415 dicuntur.
1053 1360 1086 1414 et
1101 1350 1182 1414 haec
1197 1351 1283 1414 adeo
1300 1353 1346 1415 ita

196 1465 280 1532 sunt,
296 1464 341 1531 ut,
358 1457 507 1536 quamvis
530 1475 589 1536 per
610 1456 823 1537 adoptionem
844 1463 1017 1535 parentum
1035 1453 1253 1517 liberorumve
1271 1454 1346 1519 loco

194 1558 256 1622 sibi
279 1578 352 1622 esse
374 1561 548 1641 coeperint,
567 1579 633 1622 non
654 1559 782 1640 possint
805 1560 889 1622 inter
907 1579 943 1621 se
966 1559 1176 1621 matrimonio
1199 1558 1289 1640 iungi
1313 1558 1346 1621 in

194 1671 335 1740 tantum,
361 1671 398 1724 ut
426 1664 526 1726 etiam
557 1661 717 1726 dissoluta
750 1662 929 1744 adoptione
964 1661 1053 1725 idem
1084 1663 1160 1725 iuris
1191 1674 1346 1725 maneat:

195 1765 306 1847 itaque
336 1785 419 1843 eam,
440 1786 526 1847 quae
550 1765 610 1829 tibi
637 1786 696 1847 per
722 1766 936 1846 adoptionem
961 1763 1029 1828 filia
1055 1774 1112 1829 aut
1143 1765 1250 1847 neptis
1274 1786 1347 1829 esse

195 1869 347 1950 coeperit,
375 1888 439 1932 non
470 1869 593 1950 poteris
623 1888 761 1932 uxorem
796 1871 923 1947 ducere,
947 1869 1098 1950 quamvis
1128 1888 1202 1931 eam
1233 1888 1347 1932 eman·

194 1973 363 2054 cipaveris.

164 2080 181 2132 2
240 2076 331 2138 Inter
349 2097 404 2139 eas
427 2096 558 2159 quoque
579 2097 746 2158 personas,
769 2097 854 2159 quae
878 2097 922 2139 ex
944 2087 1129 2140 transverso
1147 2076 1252 2159 gradu
1268 2096 1347 2159 cog·

195 2179 337 2243 nationis
362 2180 546 2262 iunguntur,
571 2191 621 2243 est
644 2181 808 2262 quaedam
836 2179 950 2243 similis
976 2180 1170 2258 observatio,
1193 2181 1252 2243 sed
1280 2200 1348 2244 non

195 2268 298 2346 tanta.
339 2302 418 2345 sane
434 2286 520 2346 enim
537 2285 621 2347 inter
635 2282 768 2348 fratrem
784 2304 995 2365 sororemque
1010 2285 1145 2364 nuptiae
1160 2283 1349 2365 prohibitae

194 2394 279 2460 sunt,
296 2386 365 2448 sive
384 2386 427 2449 ab
448 2388 567 2450 eodem
590 2397 683 2469 patre
705 2389 889 2469 eademque
914 2397 1018 2450 matre
1043 2388 1111 2450 nati
1132 2387 1260 2463 luerint,
1278 2389 1348 2451 sive

195 2509 239 2550 ex
254 2488 411 2552 alterutro
427 2510 548 2554 eorum.
591 2490 649 2552 sed
666 2491 691 2552 si
708 2511 773 2572 qua
789 2510 847 2572 per
861 2490 1076 2572 adoptionem
1093 2510 1184 2552 soror
1199 2489 1259 2552 tibi
1275 2510 1349 2554 esse

195 2593 349 2674 coeperit,
373 2594 529 2674 quamdiu
552 2594 687 2675 quidem
712 2603 841 2658 constat
867 2593 1012 2675 adopti0,
1040 2613 1118 2657 sane
1143 2594 1229 2656 inter
1252 2602 1287 2656 te
1314 2603 1349 2658 et

195 2715 269 2758 eam
293 2697 426 2779 nuptiae
450 2697 628 2762 consistere
651 2717 716 2760 non
741 2705 896 2779 possunt:
924 2716 998 2759 cum
1021 2716 1099 2759 vero
1123 2715 1182 2778 per
1203 2699 1350 2761 emanci-

195 2801 364 2881 pationem
386 2802 522 2884 adoptio
545 2801 706 2867 dissoluta
728 2803 778 2878 sit,
801 2801 924 2882 poteris
948 2821 1021 2862 eam
1046 2819 1185 2862 uxorem
1208 2800 1348 2863 ducere:

195 2905 253 2968 sed
271 2915 304 2967 et
320 2906 347 2968 si
363 2913 398 2967 tu
417 2907 643 2989 emancipatus
662 2905 769 2983 fueris,
784 2903 864 2966 nihil
885 2912 936 2966 est
956 2903 1194 2984 impedimento
1214 2905 1348 2986 nuptiis.

197 3017 230 3071 et
253 3009 328 3071 ideo
353 3019 492 3085 constat,
514 3011 541 3073 si
565 3009 638 3091 quis
658 3028 815 3091 generum
840 3007 1000 3088 adoptare
1020 3006 1107 3084 velit,
1127 3008 1248 3070 debere
1271 3029 1348 3071 eum

195 3121 273 3175 ante
291 3111 391 3174 filiam
407 3134 499 3175 suam
517 3113 742 3194 emancipare:
767 3120 800 3174 et
818 3113 845 3174 si
861 3111 934 3192 quis
949 3111 1028 3173 velit
1045 3131 1160 3172 nurum
1175 3111 1348 3193 adoptare,

166 3216 318 3279 3debere
335 3236 409 3278 eum
425 3226 503 3279 ante
519 3216 622 3279 filium
642 3216 858 3297 emancipare.
904 3215 1027 3277 Fratris
1041 3214 1093 3277 vel
1109 3214 1228 3278 sororis
1244 3215 1348 3278 filiam

196 3385 233 3439 de
253 3384 340 3438 fundo
363 3384 459 3452 dotali,
473 3383 539 3438 with
560 3382 725 3455 Justinian¹s
746 3384 945 3438 amendments
966 3384 1030 3453 (Bk.
1047 3382 1073 3437 ii.
1092 3384 1117 3438 8.
1130 3399 1170 3452 pr.
1186 3383 1254 3451 inl),
1275 3402 1349 3440 were

196 3467 323 3522 directed
335 3478 365 3521 to
378 3469 426 3522 the
439 3485 519 3522 same
532 3485 662 3538 purpose.
696 3468 754 3522 For
764 3466 819 3521 this
830 3468 919 3522 whole
933 3465 1042 3534 subject
1055 3483 1103 3521 see
1117 3467 1163 3521 Sir
1177 3467 1214 3521 H.
1227 3467 1349 3523 Maine’s

197 3551 314 3620 chapter
325 3568 362 3604 on
380 3553 428 3605 the
441 3551 549 3620 history
562 3550 594 3604 of
609 3551 659 3605 the
675 3552 778 3605 settled
797 3561 930 3620 property
943 3551 975 3604 ol
990 3550 1112 3605 married
1125 3566 1243 3619 women,
1257 3549 1286 3605 in
1299 3552 1349 3606 the

197 3634 284 3702 Early
296 3633 414 3702 History
424 3633 456 3686 of
467 3632 645 3688 Institutions
657 3653 665 3699 ;
684 3634 741 3687 and
754 3633 797 3687 sor
809 3635 857 3688 the
870 3643 1050 3703 counterpart
1063 3633 1096 3687 os
1102 3633 1163 3701 dos,
1173 3633 1221 3688 the
1231 3633 1348 3688 donatio

196 3727 262 3771 ante
275 3733 308 3768 or
320 3726 434 3785 propter
447 3715 568 3784 nuptias,
583 3715 636 3769 Bk.
649 3713 677 3770 ii.
690 3729 714 3782 7.
729 3730 754 3783 3,
767 3716 824 3770 and
837 3726 927 3784 notes,
941 3716 987 3770 inf.

233 3797 247 3868 ξ
262 3802 284 3852 L
306 3798 376 3852 This
396 3799 454 3853 and
468 3800 516 3853 the
533 3798 677 3867 following
695 3799 818 3854 sections
838 3799 952 3853 contain
967 3799 1016 3853 the
1032 3799 1107 3853 rules
1127 3797 1159 3852 os
1168 3800 1281 3853 Roman
1295 3799 1348 3854 law

196 3881 370 3952 prohibiting
395 3881 501 3936 certain
525 3881 679 3950 marriages
704 3899 741 3936 on
761 3883 809 3937 the
831 3883 941 3952 ground
960 3882 992 3937 of
1006 3881 1121 3951 kinship
1145 3882 1273 3936 between
1299 3882 1348 3938 the

196 3964 309 4035 parties.
349 3967 374 4019 lt
394 3965 448 4018 will
467 3966 503 4020 be
523 3966 662 4020 observed
681 3967 742 4020 that
762 3965 895 4035 adoptive
913 3983 970 4019 was
985 3982 1017 4019 as
1037 3965 1166 4019 effectual
1185 3982 1217 4018 as
1236 3966 1348 4020 natural

159 4039 163 4048 '
196 4047 382 4118 relationship
400 4058 430 4102 to
448 4049 500 4102 bar
518 4050 589 4103 such
608 4048 729 4116 unions3
751 4049 809 4103 and
827 4051 875 4103 the
894 4065 973 4103 same
992 4048 1153 4118 incapacity
1171 4048 1297 4102 resulted
1319 4047 1348 4102 in

196 4130 359 4199 Justinian’s
373 4130 441 4185 time
455 4132 539 4201 (eod.
555 4144 577 4200 5.
591 4147 615 4198 4
631 4131 675 4199 26)
689 4131 762 4187 lrom
776 4131 923 4200 ‘cognatio
943 4131 1112 4201 spiritualis,'
1124 4131 1173 4185 the
1185 4129 1306 4185 relation
1319 4131 1353 4186 of

196 4212 353 4282 godparent
372 4214 429 4267 and
448 4214 590 4283 godehild,
604 4215 661 4269 and
679 4224 709 4269 to
728 4234 745 4269 a
763 4215 820 4269 still
839 4217 931 4284 larger
949 4215 1052 4284 degree
1060 4214 1161 4269 under
1179 4215 1227 4268 the
1248 4215 1348 4269 Canon

198 4296 283 4363 Law;
302 4312 349 4349 see
368 4313 447 4351 some
466 4298 593 4352 remarks
611 4299 644 4352 os
659 4298 704 4353 Sir
719 4301 755 4353 H.
772 4298 877 4366 hlaine,
892 4298 979 4367 Early
994 4298 1112 4367 History
1124 4297 1157 4352 os
1167 4296 1347 4352 Institutions

197 4394 226 4447 p.
239 4393 292 4444 240
303 4395 343 4448 sq.

234 4461 288 4529 §a
308 4460 396 4518 Gaius
408 4464 506 4532 (r.62;
525 4464 560 4518 cl.
570 4466 637 4519 Tac.
648 4465 722 4521 Ann.
737 4479 775 4520 12.
789 4477 812 4535 5.
823 4477 848 4534 7,
863 4462 1023 4533 Suetonius,
1033 4463 1132 4520 Claud.
1147 4462 1191 4532 26)
1205 4479 1271 4533 says
1284 4462 1346 4518 that
