2986 5048
134 334 184 386 Tit.
197 328 232 394 1.]
471 326 533 382 DE
553 325 705 381 RERUM
723 323 954 382 DIVISIONE.
1222 332 1281 401 191

179 491 354 557 Praeterea
383 491 473 572 quod
501 512 560 573 per
583 489 782 554 alluvionem
806 510 887 571 agro
915 498 973 553 tuo
998 488 1121 554 flumen
1152 490 1281 566 adiecit,
1296 506 1332 562 20

135 597 203 659 iure
218 595 368 677 gentium
389 595 449 659 tibi
472 594 665 676 adquiritur.
697 603 747 657 est
766 603 878 656 autern
900 592 1021 657 alluvio
1044 595 1283 658 incrementum

134 698 250 763 latens.
282 719 341 780 per
355 697 553 762 alluvionem
569 708 680 761 autem
697 698 731 760 id
747 697 876 761 videtur
890 697 983 774 adici,
999 699 1089 779 quod
1106 699 1151 762 ita
1168 697 1283 780 paula·

135 802 195 866 tim
216 801 364 876 adicitur,
387 810 422 864 ut
442 800 632 884 intellegere
652 820 718 863 non
738 801 855 882 possis,
875 809 1037 882 quantum
1057 822 1192 884 quoquo
1212 821 1283 865 mo·

136 914 248 969 mento
263 905 422 987 temporis
437 905 607 968 adiciatur.
638 903 767 987 Quodsi
778 904 828 968 vis
840 903 984 969 fluminis
993 915 1122 987 partem
1138 906 1283 987 aliquam
1297 913 1329 969 21

136 1029 181 1073 ex
206 1018 264 1072 tuo
287 1009 423 1091 praedio
447 1009 630 1072 detraxerit
652 1018 686 1072 et
706 1007 803 1070 vieini
823 1009 958 1090 praedio
977 1009 1151 1091 appulerit,
1173 1009 1284 1091 palam

137 1122 188 1176 est
215 1132 289 1175 eam
313 1123 405 1176 tuam
429 1131 633 1194 permanere.
665 1111 764 1193 plane
787 1113 813 1175 si
839 1112 987 1193 longiore
1011 1122 1160 1195 tempore
1182 1112 1285 1177 fundo

136 1216 232 1279 vicini
248 1214 390 1279 haeserit
402 1216 610 1297 arboresque,
623 1236 706 1297 quas
721 1236 833 1279 secum
850 1217 996 1295 traxerit,
1009 1216 1041 1279 in
1058 1237 1134 1280 eum
1146 1216 1285 1279 fundum

138 1319 262 1383 radices
279 1319 414 1401 egerint,
426 1339 470 1382 ex
486 1340 526 1382 eo
540 1327 690 1400 tempore
701 1319 856 1383 videntur
869 1320 966 1383 vicini
982 1316 1084 1384 lundo
1100 1320 1286 1402 adquisitae

138 1443 219 1488 esse.
265 1422 385 1501 lnsula,
401 1443 487 1504 quae
508 1423 541 1485 in
563 1422 644 1486 mari
664 1431 742 1486 nata
763 1432 822 1500 est,
843 1423 933 1504 quod
954 1444 1025 1487 raro
1045 1423 1172 1500 accidit,
1189 1443 1285 1487 occu·
1299 1431 1335 1487 22

137 1527 247 1608 pantis
262 1525 315 1588 fit:
340 1525 460 1588 nullius
473 1527 560 1588 enim
576 1546 648 1589 esse
664 1526 816 1589 creditur.
847 1535 882 1589 at
898 1526 930 1587 in
946 1525 1081 1589 flumine
1097 1534 1182 1602 nata,
1196 1528 1285 1608 quod

137 1628 326 1710 lrequenter
347 1629 475 1706 accidit,
491 1630 518 1691 si
535 1629 670 1710 quidem
692 1629 837 1692 mediam
860 1639 987 1712 partem
1003 1629 1146 1693 fluminis
1164 1639 1286 1705 teneat,

137 1734 322 1796 communis
349 1742 399 1796 est
426 1753 549 1808 eorum,
576 1733 633 1814 qui
659 1732 702 1796 ab
728 1743 867 1814 utraque
894 1742 988 1815 parte
1013 1732 1157 1796 fluminis
1184 1753 1287 1816 prope

138 1836 244 1917 ripam
260 1836 393 1916 praedia
409 1836 588 1918 possident,
604 1857 664 1918 pro
689 1837 789 1900 modo
813 1836 996 1900 latitudinis
1011 1837 1169 1919 cuiusque
1184 1835 1286 1913 fundi,

138 1959 224 2021 quae
246 1938 387 2003 latitudo
410 1959 514 2021 prope
537 1940 642 2022 ripam
665 1940 718 2003 sit.
752 1939 870 2022 quodsi
893 1939 988 2003 alteri
1005 1941 1089 2022 parti
1105 1939 1289 2021 proximior

139 2042 191 2117 sit,
208 2062 320 2106 eorum
337 2051 386 2105 est
402 2053 541 2120 tantum,
558 2043 634 2126 quia
656 2043 699 2106 ab
723 2064 762 2106 ea
785 2054 879 2125 parte
901 2063 1004 2126 prope
1027 2043 1132 2125 ripam
1154 2042 1289 2124 praedia

140 2146 319 2227 possident.
365 2146 483 2227 quodsi
506 2146 618 2228 aliqua
641 2155 736 2228 parte
759 2146 900 2210 divisum
923 2146 1055 2224 flumen,
1070 2147 1190 2210 deinde
1206 2145 1289 2210 infra

142 2250 271 2312 unitum
294 2269 411 2332 agrum
433 2250 571 2314 alicuius
594 2251 627 2313 in
649 2250 791 2314 formam
810 2250 936 2314 insulae
952 2252 1123 2333 redegerit,
1140 2250 1288 2314 eiusdem

141 2363 313 2436 permanet
334 2354 361 2418 is
383 2374 469 2436 ager,
486 2355 578 2418 cuius
599 2363 633 2418 et
657 2353 772 2418 luerat.
823 2353 953 2437 Quodsi
975 2354 1115 2419 naturali
1137 2353 1233 2418 alveo
1254 2354 1288 2416 in
1301 2365 1337 2420 23

142 2457 329 2520 universum
353 2458 510 2521 derelicto
532 2457 597 2521 alia
620 2468 715 2540 parte
736 2457 838 2521 fluere
864 2460 1018 2540 coeperit,
1043 2460 1131 2541 prior
1154 2459 1289 2540 quidem

141 2561 254 2625 alveus
270 2581 383 2625 eorum
399 2572 460 2637 est,
476 2563 533 2643 qui
549 2582 653 2644 prope
669 2562 774 2644 ripam
793 2562 863 2625 eius
882 2563 1018 2645 praedia
1033 2562 1214 2644 possident,
1229 2581 1290 2642 pro

143 2667 245 2729 modo
273 2665 397 2729 scilicet
421 2665 605 2730 latitudinis
628 2666 785 2747 cuiusque
808 2667 887 2747 agri,
910 2686 996 2748 quae
1019 2665 1161 2729 latitudo
1187 2684 1291 2746 prope

143 2770 248 2850 ripam
266 2769 317 2843 sit,
336 2789 439 2832 novus
454 2779 566 2833 autem
583 2768 697 2832 alveus
718 2770 788 2833 eius
811 2770 889 2832 iuris
910 2790 981 2832 esse
1003 2770 1126 2850 incipit,
1143 2769 1235 2831 cuius
1258 2777 1292 2831 et

143 2873 251 2953 ipsum
267 2871 398 2949 flumen,
414 2873 446 2935 id
463 2881 514 2936 est
530 2872 691 2955 publicus.
722 2873 840 2955 quodsi
857 2881 933 2954 post
948 2871 1082 2953 aliquod
1099 2881 1232 2953 tempus
1249 2870 1292 2934 ad

142 2978 284 3058 priorem
309 2975 440 3040 alveum
465 2997 630 3040 reversum
654 2976 751 3040 luerit
774 2976 905 3055 flumen,
928 2997 1038 3041 rursus
1061 2996 1165 3039 novus
1180 2974 1293 3039 alveus

144 3100 258 3143 eorum
278 3101 350 3144 esse
374 3081 496 3163 incipit,
521 3083 578 3163 qui
606 3101 709 3163 prope
734 3082 839 3164 ripam
864 3081 934 3145 eius
954 3082 1089 3162 praedia
1112 3079 1293 3162 possident.

144 3183 225 3247 Alia
254 3203 333 3247 sane
364 3204 463 3248 causa
494 3194 555 3260 est,
583 3186 610 3248 si
638 3186 730 3249 cuius
760 3196 851 3249 totus
877 3205 957 3268 ager
982 3185 1161 3248 inundatus
1187 3180 1343 3246 luerit.2t

144 3452 236 3508 cessio
261 3470 353 3508 rerum
375 3453 530 3508 alienarum
552 3452 589 3522 (e)
615 3453 769 3524 adjunctio,
794 3453 885 3508 which
911 3453 1066 3523 comprises
1096 3451 1295 3523 inaedificatio‚

146 3534 178 3607 §§
193 3551 235 3605 29,
245 3551 287 3604 30,
300 3537 438 3607 plantatio
450 3536 507 3592 and
521 3536 602 3605 satio,
614 3535 646 3607 §§
658 3552 700 3606 31,
711 3552 753 3605 32,
764 3536 821 3591 and
830 3537 977 3592 accession
990 3537 1023 3590 of
1032 3535 1142 3605 writing
1154 3548 1183 3591 to
1196 3538 1296 3606 parch-

144 3631 231 3688 ment,
246 3622 260 3687 δ
275 3636 309 3689 33
323 3621 367 3689 (cl.
382 3623 396 3690 ς
411 3620 466 3689 26),
479 3621 536 3676 and
555 3621 588 3675 of
602 3620 746 3691 paintings
763 3631 793 3675 to
808 3622 857 3676 the
877 3636 991 3690 canvas,
1004 3616 1019 3690 ξ
1034 3633 1087 3687 34;
1106 3618 1154 3691 (s)
1168 3619 1297 3675 confusio

145 3702 202 3759 and
216 3704 388 3772 commixtio,
403 3702 435 3774 §§
450 3717 482 3770 27
496 3704 553 3758 and
567 3704 609 3759 28.

181 3787 258 3854 §22
278 3787 324 3841 An
344 3787 436 3841 island
454 3787 563 3841 formed
583 3786 611 3840 in
625 3804 642 3841 a
656 3786 730 3841 river
747 3786 770 3840 is
789 3785 923 3856 acquired
942 3786 981 3855 by
992 3784 1119 3840 accessio
1136 3786 1203 3852 only
1215 3784 1296 3839 when

145 3870 194 3924 the
206 3869 311 3924 flumen
325 3870 348 3924 is
362 3870 505 3940 publicum
520 3870 598 3939 (note
611 3886 647 3924 on
662 3871 676 3936 §
688 3885 704 3923 2
715 3868 803 3939 supr.)
816 3889 822 3924 :
841 3869 866 3923 is
874 3870 922 3923 the
935 3879 1040 3923 stream
1053 3868 1077 3922 is
1090 3878 1139 3922 not
1153 3867 1297 3938 publicum

146 3952 183 4007 its
195 3953 252 4007 bed
265 3953 381 4022 already
393 3953 512 4022 belongs
528 3962 559 4006 to
575 3953 624 4007 the
640 3952 763 4023 riparian
779 3968 897 4008 owners.
933 3952 996 4006 The
1010 3952 1070 4005 rule
1089 3952 1132 4005 lor
1147 3949 1298 4005 determin-

146 4036 195 4105 ing
216 4037 264 4090 the
284 4035 443 4105 ownership
465 4036 498 4089 ol
515 4035 607 4090 insula
629 4046 697 4090 nata
718 4035 742 4089 is
765 4034 931 4103 incorrectly
950 4035 1044 4088 stated
1062 4034 1090 4087 in
1107 4035 1156 4088 the
1175 4042 1251 4088 text:
1276 4031 1299 4087 it

146 4119 288 4188 belonged
306 4118 476 4186 exclusively
489 4127 518 4173 to
537 4118 585 4174 the
603 4117 726 4188 riparian
739 4134 834 4172 owner
850 4134 883 4171 or
898 4133 1007 4171 owners
1024 4133 1061 4170 on
1079 4133 1133 4171 one
1152 4115 1214 4170 side
1232 4115 1299 4185 only

147 4202 229 4255 when
242 4219 259 4256 a
271 4201 328 4256 line
344 4202 440 4256 drawn
458 4202 541 4256 down
556 4202 605 4256 the
622 4211 719 4256 centre
736 4201 768 4255 oi
784 4201 832 4255 the
850 4199 992 4256 river-bed
1006 4200 1098 4254 would
1117 4216 1184 4269 pass
1197 4199 1300 4269 wholly

146 4296 177 4340 to
190 4286 239 4339 the
254 4283 327 4355 right
345 4302 377 4339 or
394 4285 442 4340 left
455 4286 487 4340 ol
499 4285 527 4339 ir.
567 4285 596 4338 lf
609 4286 679 4340 such
692 4303 710 4340 a
722 4285 779 4341 line
798 4295 844 4339 cut
862 4284 883 4340 it
901 4295 930 4339 at
946 4285 992 4355 all,
1004 4285 1053 4339 the
1071 4283 1229 4353 ownership
1242 4298 1300 4337 was

148 4367 264 4423 divided
278 4368 362 4437 (‘non
375 4384 427 4438 pro
440 4367 570 4436 indiviso,
582 4367 634 4422 sed
646 4367 809 4437 regionibus
827 4385 939 4439 quoque
952 4366 1064 4423 divisis’
1078 4366 1143 4438 Dig.
1157 4381 1201 4434 41.
1217 4380 1239 4422 1.
1253 4365 1299 4437 29)

148 4467 220 4509 even
233 4451 340 4522 though
353 4449 374 4507 it
387 4466 445 4507 was
457 4450 500 4507 lar
512 4450 585 4506 from
597 4451 645 4507 the
658 4461 739 4507 exact
751 4450 867 4508 middle.
