2986 5048
165 364 217 413 Tit.
230 356 282 423 ao]
598 353 660 409 DE
680 353 872 409 LEGATJS.
1251 347 1315 432 289

165 519 296 584 tutione
317 515 470 582 additum
493 526 552 593 est,
569 524 615 593 ut,
631 517 699 580 sive
721 515 831 598 plures
854 514 1004 599 legatarii
1023 516 1180 592 existant,
1196 519 1316 601 quibus

165 624 260 706 optio
275 620 389 687 relicta
404 631 463 699 est,
479 631 513 685 et
532 620 728 685 dissentiant
749 619 782 682 in
801 639 937 702 corpore
956 620 1120 704 eligendo,
1136 623 1204 687 sive
1220 625 1316 688 unius

166 725 316 825 legatarii
331 722 441 808 plures
455 723 604 800 heredes,
620 733 654 787 et
669 723 755 787 inter
769 743 805 787 se
820 723 905 787 circa
919 725 1104 806 optandum
1120 725 1316 792 dissentiant

166 829 234 895 alio
255 830 344 894 aliud
368 848 487 910 corpus
508 827 629 911 eligere
656 827 818 909 cupiente,
841 847 882 890 ne
905 837 1018 909 pereat
1042 828 1189 911 legatum
1211 826 1316 915 (quod

169 931 316 1016 plerique
327 931 539 1014 prudentium
555 940 669 994 contra
683 929 950 994 benevolentiam
966 929 1240 1017 introducebant),
1252 933 1318 996 ior·

168 1047 284 1102 tunam
300 1056 372 1100 esse
386 1035 484 1099 buius
498 1035 642 1118 optionis
661 1034 803 1098 iudicem
824 1043 857 1097 et
878 1043 965 1098 sorte
986 1054 1057 1098 esse
1077 1035 1141 1100 hoc
1162 1037 1317 1101 dirimen-

168 1141 259 1218 dum,
282 1150 328 1214 ut,
349 1136 393 1203 ad
416 1158 516 1221 quem
538 1159 609 1202 sors
626 1139 806 1220 perveniat,
829 1136 915 1201 illius
937 1139 1103 1203 sententia
1126 1140 1159 1203 in
1183 1142 1319 1223 optione

169 1242 356 1325 praecellat.
431 1300 437 1309 .

213 1344 335 1428 Legari
348 1355 461 1409 autem
476 1342 540 1407 illis
554 1341 632 1407 solis
647 1353 767 1426 potest,
782 1363 859 1407 curn
874 1343 993 1425 quibus
1012 1346 1202 1409 testamenti
1218 1345 1319 1410 sactio
1332 1354 1367 1407 24

170 1459 231 1513 est.
277 1447 415 1512 Incertis
428 1467 507 1511 vero
522 1448 671 1529 personis
686 1466 795 1528 neque
810 1444 921 1528 legata
939 1466 1048 1528 neque
1063 1447 1318 1513 fideicommissa
1333 1456 1368 1510 25

169 1551 250 1616 olim
269 1551 407 1634 relinqui
423 1570 614 1616 concessum
630 1561 721 1615 erat:
745 1570 823 1612 narn
839 1569 899 1614 nec
915 1549 1009 1614 miles
1024 1552 1160 1633 quidem
1177 1554 1320 1617 incertae

171 1675 329 1739 personae
358 1664 489 1738 poterat
518 1654 708 1737 relinquere,
738 1663 775 1717 ut
802 1655 897 1717 divus
925 1654 1117 1719 Hadrianus
1145 1657 1320 1739 rescripsit.

171 1760 296 1824 incerta
332 1770 445 1824 autem
479 1779 621 1842 persona
653 1757 835 1831 videbatur,
870 1778 971 1840 quam
1004 1759 1130 1825 incerta
1164 1760 1321 1843 opinione

170 1863 282 1928 animo
302 1882 362 1926 suo
384 1871 522 1927 testator
543 1861 735 1935 subiciebat,
751 1861 853 1925 veluti
876 1861 903 1925 si
923 1863 996 1944 quis
1016 1863 1063 1927 ita
1082 1864 1192 1927 dicat:
1229 1865 1321 1945 ‘qui-

171 1986 313 2049 cumque
331 1966 399 2030 filio
416 1986 491 2029 meo
506 1966 540 2028 in
556 1965 802 2029 matrimonium
821 1965 924 2029 filiam
944 1986 1039 2030 suam
1060 1966 1276 2044 collocaverit,
1291 1969 1321 2031 ei

170 2070 266 2134 heres
280 2090 374 2134 meus
391 2069 483 2133 illum
502 2069 642 2133 fundum
662 2067 741 2132 dato
752 2065 775 2130 :’
802 2068 883 2133 illud
899 2090 1040 2152 quoque,
1055 2072 1145 2154 quod
1160 2070 1212 2134 his
1227 2071 1322 2135 relin-

170 2173 343 2255 quebatur,
359 2173 415 2254 qui
438 2181 514 2255 post
535 2181 773 2237 testamentum
792 2172 950 2253 scriptum
972 2174 1068 2255 primi
1092 2175 1242 2238 consules
1265 2175 1322 2237 de-

172 2277 292 2360 signati
322 2285 425 2353 emnt,
450 2296 556 2358 aeque
582 2276 724 2339 incertae
751 2293 912 2356 personae
935 2275 1038 2358 legari
1062 2277 1255 2342 videbatur:
1289 2288 1323 2343 et

172 2381 315 2461 denique
330 2379 454 2443 multae
468 2379 553 2443 aliae
566 2378 754 2441 huiusmodi
770 2378 896 2460 species
910 2391 996 2444 sunt.
1041 2379 1175 2445 libertas
1190 2402 1324 2465 quoque

172 2503 239 2547 non
268 2482 441 2549 videbatur
469 2503 568 2565 posse
597 2482 740 2547 incertae
766 2502 926 2564 personae
956 2484 1036 2559 dari,
1065 2486 1142 2566 quia
1168 2485 1324 2567 placebat

174 2586 369 2652 nominatim
384 2606 496 2650 servos
510 2585 647 2649 liberari.
693 2595 782 2649 tutor
798 2606 931 2668 quoque
951 2596 1060 2650 certus
1081 2588 1150 2650 dari
1170 2588 1323 2652 debebat.
1427 2598 1431 2604 '

171 2690 234 2754 sub
255 2698 347 2754 certa
364 2710 444 2754 vero
465 2689 755 2766 demonstratione,
778 2690 811 2753 id
833 2700 885 2754 est
911 2710 955 2752 ex
978 2691 1077 2753 certis
1100 2693 1251 2772 personis
1275 2692 1324 2752 in·

170 2805 282 2859 certae
299 2814 469 2876 personae,
483 2804 572 2858 recte
587 2792 767 2875 legabatur,
781 2793 883 2856 veluti
903 2798 966 2856 ‘ex
989 2797 1138 2875 cognatis
1162 2795 1244 2858 meis
1265 2795 1324 2877 qui

174 2891 261 2961 nunc
275 2906 354 2960 sunt
372 2897 400 2959 si
415 2896 489 2980 quis
504 2895 606 2959 filiam
626 2915 735 2960 meam
757 2916 896 2960 uxorem
913 2897 1056 2971 duxerit,
1074 2898 1103 2960 ei
1119 2896 1215 2960 heres
1231 2917 1325 2960 meus

174 2998 266 3064 illam
282 3020 352 3064 rem
367 2999 468 3065 dato.¹
524 3000 656 3065 incertis
670 3010 784 3063 autem
799 3001 947 3082 personis
963 3000 1074 3082 legata
1090 3001 1142 3064 vel
1158 3000 1326 3065 fideicom-

176 3104 280 3167 missa
301 3103 415 3169 relicta
442 3114 477 3168 et
501 3123 558 3185 per
581 3124 723 3167 errorem
743 3103 852 3167 soluta
876 3105 980 3186 repeti
1007 3125 1072 3167 non
1099 3125 1197 3187 posse
1227 3105 1326 3169 sacris

177 3208 467 3272 constitutionibus
485 3216 619 3272 cautum
643 3217 721 3271 erat.
768 3208 927 3272 Postumo
950 3228 1083 3291 quoque
1102 3209 1209 3272 alieno
1230 3209 1326 3271 inuti·
1339 3209 1375 3264 26

176 3311 253 3376 liter
274 3311 465 3395 legabatur:
490 3321 542 3376 est
562 3320 675 3375 autem
693 3310 820 3375 alienus
842 3321 1025 3394 postumus,
1044 3313 1099 3394 qui
1122 3323 1220 3376 natus
1243 3314 1328 3376 inter

178 3434 256 3479 suos
280 3413 418 3478 heredes
443 3414 612 3479 testatoris
637 3413 765 3477 futurus
789 3434 855 3477 non
871 3423 953 3493 nest:
980 3415 1121 3496 ideoque
1148 3436 1192 3478 ex
1215 3435 1328 3479 eman·

174 3519 287 3600 cipato
308 3516 376 3580 filio
402 3527 581 3600 conceptus
614 3538 718 3600 nepos
745 3529 924 3583 extraneus
958 3529 1029 3583 erat
1056 3529 1231 3599 postumus
1254 3540 1328 3581 av0.

179 3618 248 3684 Sed
263 3639 324 3684 uec
338 3619 525 3683 huiusmodi
541 3622 667 3702 species
682 3622 814 3701 penitus
833 3629 883 3683 est
904 3621 974 3684 sine
995 3621 1081 3685 iusta
1097 3622 1328 3685 emendatione
1342 3635 1376 3689 27

178 3723 345 3801 derelicta,
359 3743 435 3788 cum
451 3725 483 3787 in
498 3735 611 3789 nostro
627 3724 740 3788 codice
755 3724 947 3788 constitutio
963 3725 1072 3806 posita
1088 3736 1147 3802 est,
1158 3745 1216 3807 per
1228 3746 1329 3807 quam

179 3836 215 3891 et
229 3826 305 3890 huic
320 3828 406 3910 parti
419 3828 623 3893 medevimus
638 3849 703 3891 non
719 3827 827 3891 solum
844 3829 876 3891 in
892 3827 1141 3903 hereditatibus,
1155 3831 1213 3892 sed
1227 3831 1329 3892 etiam

180 3929 215 3994 in
230 3928 348 4013 legatis
363 3941 397 3995 et
412 3931 693 3996 fideicommissis:
718 3934 807 4014 quod
832 3932 1000 3998 evidenter
1021 3953 1065 3996 ex
1087 3934 1188 4014 ipsius
1209 3936 1330 3997 consti-

180 4033 319 4098 tutionis
333 4033 474 4099 lectione
489 4035 648 4099 clarescit.
694 4047 785 4101 tutor
802 4047 914 4101 autem
933 4056 993 4099 nec
1014 4056 1074 4117 per
1091 4046 1237 4099 nostram
1253 4055 1330 4099 con-

218 4221 234 4294 ξ
247 4226 297 4280 25.
316 4224 374 4278 Por
382 4223 507 4278 incertae
517 4240 656 4294 personae
666 4224 723 4278 and
732 4223 895 4278 testamenti
909 4224 994 4279 factio
1005 4241 1052 4279 see
1063 4222 1152 4278 Gaius
1161 4222 1188 4278 ii.
1200 4224 1331 4292 238-240,

181 4304 241 4361 and
257 4316 325 4361 note
343 4322 381 4360 ou
398 4305 455 4361 Tit.
471 4321 509 4373 14
523 4323 564 4377 pr.
578 4323 655 4376 supr.
669 4327 675 4371 ;
694 4306 737 4361 sor
754 4308 803 4361 the
822 4305 940 4376 validity
957 4308 992 4362 os
1005 4306 1226 4363 fideicommissa
1244 4318 1273 4361 to
1291 4306 1332 4361 in·

182 4396 277 4445 certae
288 4404 437 4459 personae,
448 4399 516 4444 note
530 4389 569 4458 (3)
583 4405 620 4443 ou
634 4388 690 4444 Tit.
704 4402 747 4458 ²3·
763 4404 774 4443 1
793 4389 840 4444 inf.

218 4468 252 4543 §5
264 4473 316 4542 20,
327 4474 376 4529 87.
395 4473 453 4527 For
464 4472 563 4544 legacy
575 4483 606 4528 to
623 4472 747 4543 postumi
765 4471 856 4529 alieni'
866 4489 914 4529 see
927 4474 1016 4530 Gaius
1028 4472 1057 4530 ii.
1070 4486 1118 4541 241
1134 4474 1192 4530 and
1210 4483 1276 4528 note
1294 4491 1332 4528 on

745 4572 769 4622 U
