2986 5048
125 311 225 378 Tium]
463 309 524 364 DE
545 309 697 365 RERUM
715 310 946 367 DIVISIONE.
1214 305 1276 390 189

125 477 317 561 occupantis
340 477 388 542 fit.
425 477 606 542 naturalem
629 486 741 541 autern
767 477 956 542 libertatern
980 477 1123 561 recipere
1147 478 1277 543 intelle-

126 583 224 666 gitur,
237 604 313 647 cum
324 583 377 648 vel
389 582 503 648 oculos
518 582 593 647 tuos
609 582 759 664 effugerit
770 581 824 645 vel
841 582 887 646 ita
902 583 946 646 sit
962 581 994 645 in
1010 592 1189 665 conspectu
1206 594 1275 659 tuo,

128 698 165 752 ut
181 687 321 751 difficilis
337 690 379 752 sit
395 688 463 750 eius
479 686 673 770 persecutio.
712 685 799 749 illud
817 687 1004 767 quaesitum
1021 696 1081 764 est,
1097 707 1149 761 an,
1164 688 1191 750 si
1206 687 1277 751 fera
1292 695 1326 751 ta

127 790 234 856 bestia
252 791 299 854 ita
313 790 486 855 vulnerata
509 793 560 869 sit,
577 799 613 853 ut
633 789 705 871 capi
723 790 836 870 possit,
852 789 965 853 statim
988 798 1045 854 tua
1061 811 1134 854 esse
1149 789 1278 855 intelle·

126 904 233 976 gatur.
263 894 462 976 quibusdam
485 893 610 976 placuit
629 894 743 957 statim
761 901 854 955 tuam
870 914 942 957 esse
958 902 992 957 et
1008 914 1048 957 eo
1064 915 1169 976 usque
1184 903 1277 958 tuam

127 997 239 1076 videri,
265 999 371 1062 donec
399 1019 473 1062 eam
498 997 715 1080 persequaris,
731 996 850 1078 quodsi
876 998 1013 1061 desieris
1034 999 1197 1080 persequi,
1219 997 1278 1062 de·

128 1102 234 1166 sinere
260 1113 351 1167 tuam
380 1124 452 1168 esse
478 1112 512 1166 et
539 1122 650 1166 rursus
676 1100 745 1165 fieri
769 1103 973 1183 occupantis.
1011 1102 1067 1165 alii
1095 1123 1161 1167 non
1184 1101 1279 1167 aliter

129 1215 326 1289 putaverunt
342 1218 434 1271 tuam
455 1227 535 1285 esse,
551 1227 652 1288 quam
676 1207 702 1270 si
725 1206 860 1288 ceperis.
891 1206 950 1270 sed
966 1207 1182 1288 posteriorem
1205 1227 1279 1271 sen·

128 1312 268 1375 tentiam
292 1332 352 1376 nos
374 1311 616 1388 confirmamus,
631 1309 710 1392 quia
730 1308 834 1373 multa
850 1310 997 1374 accidere
1013 1311 1130 1388 solent,
1146 1320 1183 1374 ut
1203 1331 1278 1374 eam

130 1433 195 1478 non
218 1415 338 1497 capias.
382 1415 510 1498 Apium
533 1435 666 1497 quoque
682 1422 799 1477 natura
819 1412 889 1477 fera
907 1424 969 1478 est.
1000 1413 1113 1497 itaque
1136 1434 1221 1496 quae
1245 1415 1278 1477 in
1294 1417 1328 1471 14

128 1518 244 1581 arbore
260 1528 318 1582 tua
333 1519 547 1592 consederint,
566 1529 746 1599 antequam
768 1537 788 1578 a
811 1525 846 1580 te
867 1516 962 1579 alveo
979 1517 1195 1595 includantur,
1212 1537 1278 1582 non

131 1622 236 1704 magis
262 1630 340 1685 tuae
367 1642 438 1685 esse
464 1619 710 1705 intelleguntur,
736 1640 837 1702 quam
863 1618 1022 1698 volucres,
1048 1641 1135 1702 quae
1161 1621 1194 1683 in
1221 1630 1279 1684 tua

129 1726 245 1789 arbore
257 1727 371 1790 nidum
383 1727 538 1791 fecerint:
562 1727 704 1809 ideoque
718 1725 744 1787 si
761 1724 845 1787 alius
860 1744 915 1788 eas
932 1724 1108 1802 incluserit,
1124 1725 1150 1788 is
1166 1745 1279 1788 earum

129 1830 283 1893 dominus
299 1831 370 1894 erit.
401 1830 493 1895 savos
507 1851 640 1913 quoque
662 1831 689 1893 si
710 1850 794 1910 quos
816 1828 879 1892 hae
893 1829 1038 1908 fecerint,
1054 1828 1195 1910 quilibet
1209 1830 1280 1892 exi·

130 1953 219 1997 mere
242 1942 361 2017 potest.
393 1933 491 2017 plane
514 1935 642 2016 integra
665 1954 699 1997 re
725 1933 752 1997 si
776 1933 956 2015 provideris
982 1932 1220 2015 ingredientem
1247 1933 1280 1996 in

130 2035 271 2100 fundum
287 2047 391 2114 tuum,
407 2048 503 2121 potes
519 2059 595 2102 eum
614 2038 683 2101 iure
698 2036 873 2119 prohibere
895 2056 936 2099 ne
958 2037 1169 2119 ingrediatur.
1200 2057 1281 2100 exa·

130 2160 216 2216 men,
229 2142 319 2222 quod
336 2163 379 2204 ex
394 2140 488 2206 alveo
504 2150 562 2206 tuo
578 2140 764 2215 evolaverit,
777 2160 817 2203 eo
833 2160 937 2222 usque
953 2150 1048 2204 tuum
1064 2160 1136 2205 esse
1151 2138 1281 2204 intelle·

131 2244 228 2325 gitur,
245 2244 349 2308 donec
372 2246 404 2307 in
428 2256 605 2327 conspectu
625 2255 684 2308 tuo
704 2252 755 2307 est
776 2264 836 2307 nec
855 2244 996 2308 difficilis
1012 2245 1081 2307 eius
1097 2242 1281 2326 persecutio

130 2355 201 2410 est:
222 2346 368 2429 alioquin
390 2350 582 2431 occupantis
605 2348 652 2413 tit.
702 2347 872 2411 Pavonum
899 2357 933 2411 et
959 2347 1186 2411 columbarum
1212 2346 1282 2412 iera
1296 2360 1330 2413 15

131 2459 249 2514 natura
260 2462 319 2515 est.
350 2472 410 2515 nec
425 2453 466 2516 ad
484 2473 553 2516 rem
570 2454 721 2535 pertinet,
732 2452 823 2533 quod
839 2472 884 2514 ex
900 2453 1138 2515 consuetudine
1150 2450 1283 2515 avolare

131 2563 165 2617 et
181 2554 325 2618 revolare
340 2554 465 2620 solent:
488 2576 566 2618 nam
587 2566 621 2620 et
644 2577 723 2640 apes
739 2556 828 2618 idem
847 2554 981 2633 faciunt,
996 2575 1136 2637 quarum
1152 2563 1283 2618 constat

130 2656 233 2720 seram
261 2679 333 2721 esse
358 2668 531 2723 naturam:
562 2680 675 2723 cervos
701 2678 834 2742 quoque
856 2661 902 2721 ita
927 2659 1065 2740 quidam
1091 2668 1282 2722 mansuetos

130 2760 267 2837 habent,
283 2771 320 2825 ut
340 2762 372 2825 in
394 2762 492 2827 silvas
513 2765 558 2827 ire
579 2773 613 2827 et
634 2764 739 2827 redire
760 2761 898 2839 soleant,
914 2781 1055 2844 quorum
1079 2769 1113 2825 et
1136 2762 1281 2843 ipsomm
1304 2836 1309 2845 ¹

131 2863 234 2928 feram
261 2886 334 2929 esse
361 2876 512 2929 naturam
540 2887 638 2931 nemo
663 2875 774 2948 negat.
806 2866 838 2929 in
862 2864 915 2928 his
933 2874 1046 2928 autem
1073 2864 1282 2939 animalibus,

130 3101 288 3172 occupatio,
307 3103 354 3156 the
376 3102 523 3173 advisedly
540 3103 640 3172 taking
659 3101 823 3173 possession
842 3102 876 3156 oi
893 3119 930 3157 an
949 3102 1043 3172 object
1062 3103 1154 3157 which
1174 3103 1226 3157 has
1245 3119 1283 3156 no

129 3201 226 3240 owner
239 3184 294 3251 (res
307 3185 420 3252 nullius)
434 3186 500 3241 with
513 3188 561 3242 the
575 3186 713 3241 intention
731 3186 764 3240 os
771 3185 986 3255 appropriating
999 3185 1028 3240 it.
1066 3187 1128 3241 The
1140 3185 1285 3257 following

129 3268 215 3323 kinds
228 3268 261 3321 oi
269 3285 314 3322 res
332 3269 434 3324 nullius
451 3286 499 3324 are
516 3269 680 3324 mentioned
698 3268 726 3322 in
745 3269 793 3323 the
811 3278 887 3323 text:
907 3268 971 3324 wild
984 3269 1114 3337 animals,
1125 3268 1213 3337 birds,
1226 3269 1284 3324 and

131 3351 225 3419 hebes,
240 3349 272 3421 55
289 3353 392 3406 12-16:
411 3351 545 3407 enemies'
561 3362 701 3423 property,
716 3349 731 3423 5
750 3366 798 3419 17:
819 3363 916 3407 stones
928 3352 987 3407 and
1004 3353 1123 3423 pebbles
1140 3352 1228 3407 found
1246 3369 1284 3406 on
1326 3382 1333 3395 ·

130 3435 180 3490 the
192 3437 335 3502 seashore,
348 3437 363 3503 5
381 3437 430 3490 18:
450 3435 558 3491 islands
570 3436 658 3505 rising
670 3435 700 3490 in
717 3437 766 3491 the
785 3453 843 3505 sea,
858 3433 872 3507 5
887 3451 920 3490 22
935 3455 941 3490 :
960 3447 1186 3505 measure-trove,
1202 3434 1216 3508 5
1230 3450 1284 3505 39:

131 3518 189 3573 and
211 3535 256 3573 res
277 3518 436 3588 derelictae,
451 3517 465 3589 5
478 3532 520 3587 47.
558 3519 622 3575 The
642 3521 770 3574 Romans
793 3520 850 3574 had
872 3536 910 3574 no
934 3536 1018 3589 game
1040 3521 1116 3589 laws,
1138 3520 1230 3574 which
1255 3519 1284 3574 in

131 3601 266 3671 England
285 3619 360 3671 grew
382 3612 430 3656 out
449 3603 481 3657 ol
497 3602 649 3657 feudalism
670 3603 727 3657 and
749 3603 798 3657 the
817 3613 897 3672 great
918 3602 1020 3658 iorests
1039 3603 1072 3657 os
1086 3605 1135 3657 the
1155 3604 1284 3657 Norman

130 3684 214 3754 kings
236 3685 294 3738 and
315 3684 442 3755 nobility.
479 3686 566 3740 Some
586 3684 692 3739 writers
712 3685 785 3740 have
807 3685 982 3740 maintained
1001 3686 1050 3740 the
1072 3695 1212 3755 contrary,
1233 3686 1285 3741 but

133 3767 199 3836 Dig.
212 3781 256 3835 47.
272 3783 310 3822 ιο.
329 3783 367 3836 ¹3·
381 3781 397 3834 7
410 3769 434 3823 is
447 3769 560 3839 explicit
572 3780 602 3824 to
614 3769 663 3824 the
681 3769 763 3823 effect
777 3769 838 3823 that
851 3769 900 3824 the
917 3768 1080 3823 landowner
1096 3785 1149 3823 can
1167 3780 1284 3838 prevent

131 3851 227 3905 others
246 3850 329 3919 (even
347 3850 386 3919 by
404 3852 489 3919 soree,
509 3850 568 3906 Cic.
586 3868 638 3921 pro
658 3853 740 3905 Caec.
755 3852 780 3919 8,
801 3851 920 3920 Dig.43.
937 3851 977 3905 16.
990 3865 1014 3919 3.
1029 3851 1057 3920 9)
1076 3851 1149 3905 t'rom
1169 3850 1284 3921 coming

132 3948 170 3988 on
191 3932 236 3988 his
257 3934 334 3999 land,
352 3934 402 3989 but
421 3945 470 3989 not
487 3935 560 3989 from
579 3935 736 4004 exercising
753 3934 903 4004 occupatio
921 3934 1002 3988 when
1021 3935 1108 3989 there.
1148 3935 1173 3988 lt
1192 3935 1286 3989 would

132 4033 211 4072 seem
229 4018 302 4071 from
321 4019 369 4073 the
388 4030 445 4073 text
464 4019 526 4073 that
544 4036 659 4088 express
678 4017 772 4073 notice
791 4027 841 4072 not
863 4027 894 4073 to
912 4028 992 4073 enter
1008 4034 1065 4072 was
1085 4034 1237 4086 necessary
1255 4027 1285 4071 to

133 4100 285 4156 constitute
298 4119 316 4156 a
328 4113 453 4172 trespass
466 4101 495 4156 in
508 4120 592 4171 every
604 4120 679 4158 ease.

170 4187 242 4253 518.
262 4186 324 4239 The
343 4185 412 4239 view
431 4185 499 4239 here
518 4185 673 4239 confirmed
689 4185 728 4254 by
740 4184 880 4255 Justinian
894 4201 951 4239 was
970 4185 1031 4239 that
1050 4194 1124 4238 most
1142 4183 1286 4253 generally

132 4268 209 4336 held,
223 4267 288 4337 Dig.
303 4283 346 4335 41.
363 4284 383 4322 1.
400 4282 422 4337 5.
440 4287 472 4322 r:
491 4269 540 4323 the
555 4270 636 4324 other
649 4286 706 4324 was
725 4270 786 4324 that
804 4270 837 4323 oi
845 4268 1004 4338 Trebatius,
1018 4269 1113 4324 whose
1129 4267 1245 4338 opinion
1261 4268 1286 4324 is

133 4350 232 4420 highly
244 4352 353 4420 spoken
366 4352 399 4405 ol
408 4351 436 4405 in
449 4352 564 4420 general
577 4351 606 4406 in
619 4352 674 4406 Tit.
689 4365 721 4421 25
734 4369 776 4422 pr.
789 4351 838 4407 int'.

170 4435 245 4501 515.
263 4434 393 4489 Animals
412 4434 477 4489 wild
494 4436 534 4505 by
551 4445 659 4505 nature,
677 4436 728 4491 but
747 4434 839 4491 which
861 4437 920 4492 had
938 4437 1012 4493 been
1032 4435 1163 4506 partially
1181 4437 1287 4504 tamed,
