<?xml version="1.0" encoding="UTF-8"?>
<!DOCTYPE html PUBLIC "-//W3C//DTD XHTML 1.0 Transitional//EN"
    "http://www.w3.org/TR/xhtml1/DTD/xhtml1-transitional.dtd">
<html xmlns="http://www.w3.org/1999/xhtml" xml:lang="en" lang="en">
 <head>
  <title>
</title>
<meta http-equiv="Content-Type" content="text/html;charset=utf-8" />
  <meta name='ocr-system' content='tesseract 3.04.00' />
  <meta name='ocr-capabilities' content='ocr_page ocr_carea ocr_par ocr_line ocrx_word'/>
</head>
<body>
  <div class='ocr_page' id='page_1' title='image "./imperatorisiust00goog_0102.png"; bbox 0 0 2986 5048; ppageno 0'>
   <div class='ocr_carea' id='block_1_1' title="bbox 220 807 1255 867">
    <p class='ocr_par' dir='ltr' id='par_1_1' title="bbox 220 807 1255 867">
     <span class='ocr_line' id='line_1_1' title="bbox 220 807 1255 867; baseline -0.002 -2"><span class='ocrx_word' id='word_1_1' title='bbox 220 810 375 867; x_wconf 89' lang='lat' dir='ltr'>DOMINI</span> <span class='ocrx_word' id='word_1_2' title='bbox 399 808 548 865; x_wconf 89' lang='lat' dir='ltr'><strong>NOSTRI</strong></span> <span class='ocrx_word' id='word_1_3' title='bbox 576 807 807 864; x_wconf 86' lang='lat' dir='ltr'><strong>IUSTINIANI</strong></span> <span class='ocrx_word' id='word_1_4' title='bbox 834 808 1049 864; x_wconf 84' lang='lat' dir='ltr'><strong>PERPETUO</strong></span> <span class='ocrx_word' id='word_1_5' title='bbox 1074 808 1255 864; x_wconf 85' lang='lat' dir='ltr'><strong>AUGUSTI</strong></span> 
     </span>
    </p>
   </div>
   <div class='ocr_carea' id='block_1_2' title="bbox 165 1053 1315 1160">
    <p class='ocr_par' dir='ltr' id='par_1_2' title="bbox 165 1053 1315 1160">
     <span class='ocr_line' id='line_1_2' title="bbox 165 1053 1315 1160; baseline -0.003 -1"><span class='ocrx_word' id='word_1_6' title='bbox 165 1054 630 1160; x_wconf 86' lang='lat' dir='ltr'><strong>INSTITUTIONUM</strong></span> <span class='ocrx_word' id='word_1_7' title='bbox 683 1053 813 1157; x_wconf 86' lang='lat' dir='ltr'>SIVE</span> <span class='ocrx_word' id='word_1_8' title='bbox 864 1053 1315 1156; x_wconf 87' lang='lat' dir='ltr'><strong>ELEMENTORUM</strong></span> 
     </span>
    </p>
   </div>
   <div class='ocr_carea' id='block_1_3' title="bbox 164 1385 1317 2261">
    <p class='ocr_par' dir='ltr' id='par_1_3' title="bbox 164 1385 1317 1673">
     <span class='ocr_line' id='line_1_3' title="bbox 164 1385 1317 1440; baseline -0.001 -1"><span class='ocrx_word' id='word_1_9' title='bbox 164 1387 457 1439; x_wconf 86' lang='lat' dir='ltr'><strong>COMPOSITORUM</strong></span> <span class='ocrx_word' id='word_1_10' title='bbox 475 1387 545 1436; x_wconf 83' lang='lat' dir='ltr'>PER</span> <span class='ocrx_word' id='word_1_11' title='bbox 562 1385 828 1439; x_wconf 85' lang='lat' dir='ltr'><strong>TRIBONIANUM</strong></span> <span class='ocrx_word' id='word_1_12' title='bbox 844 1386 968 1439; x_wconf 84' lang='lat' dir='ltr'><strong>VIRUM</strong></span> <span class='ocrx_word' id='word_1_13' title='bbox 987 1386 1181 1440; x_wconf 84' lang='lat' dir='ltr'><strong>EXCELSUM</strong></span> <span class='ocrx_word' id='word_1_14' title='bbox 1199 1385 1317 1438; x_wconf 87' lang='lat' dir='ltr'><strong>IURIS·</strong></span> 
     </span>
     <span class='ocr_line' id='line_1_4' title="bbox 216 1503 1266 1570; baseline -0.002 -14"><span class='ocrx_word' id='word_1_15' title='bbox 216 1506 293 1570; x_wconf 88' lang='lat' dir='ltr'>QUE</span> <span class='ocrx_word' id='word_1_16' title='bbox 311 1503 566 1557; x_wconf 87' lang='lat' dir='ltr'><strong>DOCTISSIMUM</strong></span> <span class='ocrx_word' id='word_1_17' title='bbox 581 1504 803 1555; x_wconf 83' lang='lat' dir='ltr'><strong>MAGISTRUM</strong></span> <span class='ocrx_word' id='word_1_18' title='bbox 818 1506 865 1554; x_wconf 87' lang='lat' dir='ltr'>ET</span> <span class='ocrx_word' id='word_1_19' title='bbox 878 1504 1147 1568; x_wconf 80' lang='lat' dir='ltr'><strong>EXQUAESTORE</strong></span> <span class='ocrx_word' id='word_1_20' title='bbox 1160 1505 1266 1555; x_wconf 80' lang='lat' dir='ltr'>SACRI</span> 
     </span>
     <span class='ocr_line' id='line_1_5' title="bbox 267 1621 1219 1673; baseline -0.002 0"><span class='ocrx_word' id='word_1_21' title='bbox 267 1623 418 1673; x_wconf 80' lang='lat' dir='ltr'><strong>PALATII</strong></span> <span class='ocrx_word' id='word_1_22' title='bbox 436 1623 484 1672; x_wconf 86' lang='lat' dir='ltr'>ET</span> <span class='ocrx_word' id='word_1_23' title='bbox 501 1622 752 1673; x_wconf 84' lang='lat' dir='ltr'><strong>THEOPHILUM</strong></span> <span class='ocrx_word' id='word_1_24' title='bbox 762 1622 885 1673; x_wconf 85' lang='lat' dir='ltr'><strong>VIRUM</strong></span> <span class='ocrx_word' id='word_1_25' title='bbox 904 1622 1143 1673; x_wconf 81' lang='lat' dir='ltr'><strong>MAGNIFICUM</strong></span> <span class='ocrx_word' id='word_1_26' title='bbox 1162 1621 1219 1672; x_wconf 90' lang='lat' dir='ltr'>IU-</span> 
     </span>
    </p>

    <p class='ocr_par' dir='ltr' id='par_1_4' title="bbox 305 1739 1185 1909">
     <span class='ocr_line' id='line_1_6' title="bbox 305 1739 1185 1792; baseline -0.002 -2"><span class='ocrx_word' id='word_1_27' title='bbox 305 1740 364 1791; x_wconf 89' lang='lat' dir='ltr'>RIS</span> <span class='ocrx_word' id='word_1_28' title='bbox 377 1739 544 1790; x_wconf 84' lang='lat' dir='ltr'><strong>PERITUM</strong></span> <span class='ocrx_word' id='word_1_29' title='bbox 563 1740 610 1790; x_wconf 86' lang='lat' dir='ltr'>ET</span> <span class='ocrx_word' id='word_1_30' title='bbox 621 1740 910 1792; x_wconf 83' lang='lat' dir='ltr'><strong>ANTECESSOREM</strong></span> <span class='ocrx_word' id='word_1_31' title='bbox 926 1739 1042 1791; x_wconf 87' lang='lat' dir='ltr'><strong>HUIUS</strong></span> <span class='ocrx_word' id='word_1_32' title='bbox 1057 1739 1185 1789; x_wconf 81' lang='lat' dir='ltr'>ALMAE</span> 
     </span>
     <span class='ocr_line' id='line_1_7' title="bbox 342 1856 1142 1909; baseline -0.003 -1"><span class='ocrx_word' id='word_1_33' title='bbox 342 1856 451 1908; x_wconf 89' lang='lat' dir='ltr'><strong>URBIS</strong></span> <span class='ocrx_word' id='word_1_34' title='bbox 478 1857 526 1906; x_wconf 87' lang='lat' dir='ltr'>ET</span> <span class='ocrx_word' id='word_1_35' title='bbox 552 1856 789 1908; x_wconf 82' lang='lat' dir='ltr'><strong>DOROTHEUM</strong></span> <span class='ocrx_word' id='word_1_36' title='bbox 814 1857 938 1909; x_wconf 89' lang='lat' dir='ltr'><strong>VIRUM</strong></span> <span class='ocrx_word' id='word_1_37' title='bbox 966 1857 1142 1908; x_wconf 80' lang='lat' dir='ltr'><strong>MAGNIFI-</strong></span> 
     </span>
    </p>

    <p class='ocr_par' dir='ltr' id='par_1_5' title="bbox 376 1972 1110 2261">
     <span class='ocr_line' id='line_1_8' title="bbox 376 1972 1110 2038; baseline 0.001 -14"><span class='ocrx_word' id='word_1_38' title='bbox 376 1974 454 2024; x_wconf 86' lang='lat' dir='ltr'>CUM</span> <span class='ocrx_word' id='word_1_39' title='bbox 472 1972 739 2038; x_wconf 76' lang='lat' dir='ltr'><strong>QUAESTORIUM</strong></span> <span class='ocrx_word' id='word_1_40' title='bbox 758 1975 859 2025; x_wconf 90' lang='lat' dir='ltr'><strong>IURIS</strong></span> <span class='ocrx_word' id='word_1_41' title='bbox 877 1975 1044 2025; x_wconf 85' lang='lat' dir='ltr'><strong>PERITUM</strong></span> <span class='ocrx_word' id='word_1_42' title='bbox 1062 1975 1110 2025; x_wconf 83' lang='lat' dir='ltr'>ET</span> 
     </span>
     <span class='ocr_line' id='line_1_9' title="bbox 460 2091 1030 2144; baseline 0.004 -3"><span class='ocrx_word' id='word_1_43' title='bbox 460 2091 749 2144; x_wconf 81' lang='lat' dir='ltr'>ANTECESSOREM</span> <span class='ocrx_word' id='word_1_44' title='bbox 768 2091 1030 2144; x_wconf 83' lang='lat' dir='ltr'><strong>BERYTENSIUM</strong></span> 
     </span>
     <span class='ocr_line' id='line_1_10' title="bbox 551 2209 937 2261; baseline 0.005 -2"><span class='ocrx_word' id='word_1_45' title='bbox 551 2209 727 2260; x_wconf 76' lang='lat' dir='ltr'><strong>INCLITAE</strong></span> <span class='ocrx_word' id='word_1_46' title='bbox 753 2210 937 2261; x_wconf 81' lang='lat' dir='ltr'><strong>CIVITATIS</strong></span> 
     </span>
    </p>
   </div>
   <div class='ocr_carea' id='block_1_4' title="bbox 524 2539 954 2618">
    <p class='ocr_par' dir='ltr' id='par_1_6' title="bbox 524 2539 954 2618">
     <span class='ocr_line' id='line_1_11' title="bbox 524 2539 954 2618; baseline 0.014 -6"><span class='ocrx_word' id='word_1_47' title='bbox 524 2539 691 2614; x_wconf 90' lang='lat' dir='ltr'><strong>LIBER</strong></span> <span class='ocrx_word' id='word_1_48' title='bbox 736 2541 954 2618; x_wconf 87' lang='lat' dir='ltr'><strong>PRIMUS.</strong></span> 
     </span>
    </p>
   </div>
   <div class='ocr_carea' id='block_1_5' title="bbox 524 2761 959 2976">
    <p class='ocr_par' dir='ltr' id='par_1_7' title="bbox 524 2761 959 2976">
     <span class='ocr_line' id='line_1_12' title="bbox 727 2761 754 2827; baseline 0.111 -3"><span class='ocrx_word' id='word_1_49' title='bbox 727 2761 754 2827; x_wconf 90' lang='lat'>1.</span> 
     </span>
     <span class='ocr_line' id='line_1_13' title="bbox 524 2921 959 2976; baseline 0 -4"><span class='ocrx_word' id='word_1_50' title='bbox 524 2922 574 2972; x_wconf 83' lang='lat' dir='ltr'>nn</span> <span class='ocrx_word' id='word_1_51' title='bbox 598 2921 763 2975; x_wconf 77' lang='lat' dir='ltr'>1usr1n1n</span> <span class='ocrx_word' id='word_1_52' title='bbox 787 2924 836 2974; x_wconf 78' lang='lat' dir='ltr'>nn</span> <span class='ocrx_word' id='word_1_53' title='bbox 857 2923 959 2976; x_wconf 80' lang='lat' dir='ltr'>mnu.</span> 
     </span>
    </p>
   </div>
   <div class='ocr_carea' id='block_1_6' title="bbox 165 3054 1348 4075">
    <p class='ocr_par' dir='ltr' id='par_1_8' title="bbox 165 3054 1345 3345">
     <span class='ocr_line' id='line_1_14' title="bbox 211 3054 1345 3140; baseline 0.004 -21"><span class='ocrx_word' id='word_1_54' title='bbox 211 3054 342 3120; x_wconf 84' lang='lat' dir='ltr'>Iustitia</span> <span class='ocrx_word' id='word_1_55' title='bbox 362 3064 413 3121; x_wconf 88' lang='lat' dir='ltr'>est</span> <span class='ocrx_word' id='word_1_56' title='bbox 434 3064 590 3120; x_wconf 87' lang='lat' dir='ltr'><strong>constans</strong></span> <span class='ocrx_word' id='word_1_57' title='bbox 611 3062 646 3118; x_wconf 94' lang='lat' dir='ltr'>et</span> <span class='ocrx_word' id='word_1_58' title='bbox 665 3065 825 3138; x_wconf 85' lang='lat' dir='ltr'>perpetua</span> <span class='ocrx_word' id='word_1_59' title='bbox 840 3057 994 3123; x_wconf 87' lang='lat' dir='ltr'>voluntas</span> <span class='ocrx_word' id='word_1_60' title='bbox 1012 3058 1063 3121; x_wconf 89' lang='lat' dir='ltr'>ius</span> <span class='ocrx_word' id='word_1_61' title='bbox 1084 3079 1179 3122; x_wconf 88' lang='lat' dir='ltr'>suum</span> <span class='ocrx_word' id='word_1_62' title='bbox 1200 3059 1316 3140; x_wconf 90' lang='lat' dir='ltr'>cuique</span> <span class='ocrx_word' id='word_1_63' title='bbox 1332 3069 1345 3123; x_wconf 94' lang='lat'>1</span> 
     </span>
     <span class='ocr_line' id='line_1_15' title="bbox 165 3158 1317 3244; baseline 0.001 -21"><span class='ocrx_word' id='word_1_64' title='bbox 165 3159 324 3224; x_wconf 88' lang='lat' dir='ltr'>tribuens.</span> <span class='ocrx_word' id='word_1_65' title='bbox 381 3159 465 3222; x_wconf 89' lang='lat' dir='ltr'>luris</span> <span class='ocrx_word' id='word_1_66' title='bbox 494 3158 668 3242; x_wconf 88' lang='lat' dir='ltr'>prudentia</span> <span class='ocrx_word' id='word_1_67' title='bbox 695 3166 744 3222; x_wconf 89' lang='lat' dir='ltr'>est</span> <span class='ocrx_word' id='word_1_68' title='bbox 771 3160 953 3224; x_wconf 90' lang='lat' dir='ltr'>divinarum</span> <span class='ocrx_word' id='word_1_69' title='bbox 977 3171 1078 3244; x_wconf 88' lang='lat' dir='ltr'>atque</span> <span class='ocrx_word' id='word_1_70' title='bbox 1100 3161 1317 3225; x_wconf 84' lang='lat' dir='ltr'>humanarum</span> 
     </span>
     <span class='ocr_line' id='line_1_16' title="bbox 165 3262 912 3345; baseline 0.001 -21"><span class='ocrx_word' id='word_1_71' title='bbox 165 3281 273 3326; x_wconf 87' lang='lat' dir='ltr'>rerum</span> <span class='ocrx_word' id='word_1_72' title='bbox 290 3262 417 3340; x_wconf 89' lang='lat' dir='ltr'>notitia,</span> <span class='ocrx_word' id='word_1_73' title='bbox 432 3262 509 3327; x_wconf 92' lang='lat' dir='ltr'>iusti</span> <span class='ocrx_word' id='word_1_74' title='bbox 524 3271 625 3345; x_wconf 84' lang='lat' dir='ltr'>atque</span> <span class='ocrx_word' id='word_1_75' title='bbox 640 3262 750 3327; x_wconf 90' lang='lat' dir='ltr'>iniusti</span> <span class='ocrx_word' id='word_1_76' title='bbox 765 3263 912 3328; x_wconf 86' lang='lat' dir='ltr'>scientia.</span> 
     </span>
    </p>

    <p class='ocr_par' dir='ltr' id='par_1_9' title="bbox 165 3365 1348 4075">
     <span class='ocr_line' id='line_1_17' title="bbox 211 3365 1348 3453; baseline 0.004 -25"><span class='ocrx_word' id='word_1_77' title='bbox 211 3365 275 3429; x_wconf 88' lang='lat' dir='ltr'>His</span> <span class='ocrx_word' id='word_1_78' title='bbox 289 3365 485 3450; x_wconf 86' lang='lat' dir='ltr'>generaliter</span> <span class='ocrx_word' id='word_1_79' title='bbox 500 3365 640 3450; x_wconf 81' lang='lat' dir='ltr'>cognitis</span> <span class='ocrx_word' id='word_1_80' title='bbox 655 3375 688 3431; x_wconf 91' lang='lat' dir='ltr'>et</span> <span class='ocrx_word' id='word_1_81' title='bbox 704 3366 934 3450; x_wconf 88' lang='lat' dir='ltr'><strong>incipientibus</strong></span> <span class='ocrx_word' id='word_1_82' title='bbox 953 3367 1048 3432; x_wconf 91' lang='lat' dir='ltr'>nobis</span> <span class='ocrx_word' id='word_1_83' title='bbox 1066 3388 1234 3453; x_wconf 86' lang='lat' dir='ltr'>exponere</span> <span class='ocrx_word' id='word_1_84' title='bbox 1250 3367 1318 3431; x_wconf 86' lang='lat' dir='ltr'>iura</span> <span class='ocrx_word' id='word_1_85' title='bbox 1331 3379 1348 3433; x_wconf 85' lang='lat'>2</span> 
     </span>
     <span class='ocr_line' id='line_1_18' title="bbox 166 3468 1318 3555; baseline 0.003 -23"><span class='ocrx_word' id='word_1_86' title='bbox 166 3470 280 3552; x_wconf 88' lang='lat' dir='ltr'>populi</span> <span class='ocrx_word' id='word_1_87' title='bbox 310 3468 453 3534; x_wconf 88' lang='lat' dir='ltr'>Romani</span> <span class='ocrx_word' id='word_1_88' title='bbox 483 3470 531 3534; x_wconf 88' lang='lat' dir='ltr'>ita</span> <span class='ocrx_word' id='word_1_89' title='bbox 565 3471 713 3535; x_wconf 85' lang='lat' dir='ltr'>maxime</span> <span class='ocrx_word' id='word_1_90' title='bbox 741 3471 894 3536; x_wconf 90' lang='lat' dir='ltr'>videntur</span> <span class='ocrx_word' id='word_1_91' title='bbox 926 3493 1024 3555; x_wconf 87' lang='lat' dir='ltr'>posse</span> <span class='ocrx_word' id='word_1_92' title='bbox 1054 3473 1140 3538; x_wconf 89' lang='lat' dir='ltr'>tradi</span> <span class='ocrx_word' id='word_1_93' title='bbox 1170 3492 1318 3536; x_wconf 88' lang='lat' dir='ltr'>commo·</span> 
     </span>
     <span class='ocr_line' id='line_1_19' title="bbox 165 3572 1319 3659; baseline 0.002 -23"><span class='ocrx_word' id='word_1_94' title='bbox 165 3572 310 3652; x_wconf 85' lang='lat' dir='ltr'>dissime,</span> <span class='ocrx_word' id='word_1_95' title='bbox 328 3573 355 3637; x_wconf 85' lang='lat' dir='ltr'>si</span> <span class='ocrx_word' id='word_1_96' title='bbox 375 3573 483 3656; x_wconf 89' lang='lat' dir='ltr'>primo</span> <span class='ocrx_word' id='word_1_97' title='bbox 507 3574 570 3638; x_wconf 91' lang='lat' dir='ltr'>levi</span> <span class='ocrx_word' id='word_1_98' title='bbox 593 3593 632 3639; x_wconf 85' lang='lat' dir='ltr'>nc</span> <span class='ocrx_word' id='word_1_99' title='bbox 655 3574 803 3658; x_wconf 89' lang='lat' dir='ltr'><strong>simplici,</strong></span> <span class='ocrx_word' id='word_1_100' title='bbox 827 3584 903 3658; x_wconf 87' lang='lat' dir='ltr'>post</span> <span class='ocrx_word' id='word_1_101' title='bbox 927 3576 1047 3640; x_wconf 91' lang='lat' dir='ltr'>deinde</span> <span class='ocrx_word' id='word_1_102' title='bbox 1066 3575 1319 3659; x_wconf 85' lang='lat' dir='ltr'>diligentissima</span> 
     </span>
     <span class='ocr_line' id='line_1_20' title="bbox 166 3677 1319 3762; baseline 0 -23"><span class='ocrx_word' id='word_1_103' title='bbox 166 3685 268 3758; x_wconf 84' lang='lat' dir='ltr'>atque</span> <span class='ocrx_word' id='word_1_104' title='bbox 283 3677 495 3741; x_wconf 88' lang='lat' dir='ltr'>exactissima</span> <span class='ocrx_word' id='word_1_105' title='bbox 513 3677 783 3761; x_wconf 85' lang='lat' dir='ltr'>interpretatione</span> <span class='ocrx_word' id='word_1_106' title='bbox 801 3680 929 3762; x_wconf 83' lang='lat' dir='ltr'>singula</span> <span class='ocrx_word' id='word_1_107' title='bbox 946 3681 1129 3744; x_wconf 88' lang='lat' dir='ltr'>tradantur.</span> <span class='ocrx_word' id='word_1_108' title='bbox 1173 3677 1319 3760; x_wconf 86' lang='lat' dir='ltr'>alioquin</span> 
     </span>
     <span class='ocr_line' id='line_1_21' title="bbox 167 3780 1318 3847; baseline 0 -4"><span class='ocrx_word' id='word_1_109' title='bbox 167 3780 194 3843; x_wconf 85' lang='lat' dir='ltr'>si</span> <span class='ocrx_word' id='word_1_110' title='bbox 210 3781 325 3844; x_wconf 87' lang='lat' dir='ltr'>statim</span> <span class='ocrx_word' id='word_1_111' title='bbox 341 3780 385 3845; x_wconf 90' lang='lat' dir='ltr'>ab</span> <span class='ocrx_word' id='word_1_112' title='bbox 400 3781 494 3846; x_wconf 87' lang='lat' dir='ltr'>initio</span> <span class='ocrx_word' id='word_1_113' title='bbox 517 3783 632 3846; x_wconf 91' lang='lat' dir='ltr'>rudem</span> <span class='ocrx_word' id='word_1_114' title='bbox 654 3782 762 3846; x_wconf 84' lang='lat' dir='ltr'>adhuc</span> <span class='ocrx_word' id='word_1_115' title='bbox 778 3790 811 3846; x_wconf 91' lang='lat' dir='ltr'>et</span> <span class='ocrx_word' id='word_1_116' title='bbox 827 3783 992 3846; x_wconf 87' lang='lat' dir='ltr'>infirmum</span> <span class='ocrx_word' id='word_1_117' title='bbox 1016 3785 1162 3847; x_wconf 90' lang='lat' dir='ltr'>animum</span> <span class='ocrx_word' id='word_1_118' title='bbox 1180 3781 1318 3846; x_wconf 89' lang='lat' dir='ltr'>studiosi</span> 
     </span>
     <span class='ocr_line' id='line_1_22' title="bbox 167 3883 1318 3962; baseline 0.003 -17"><span class='ocrx_word' id='word_1_119' title='bbox 167 3883 379 3948; x_wconf 91' lang='lat' dir='ltr'>multitudine</span> <span class='ocrx_word' id='word_1_120' title='bbox 396 3904 436 3948; x_wconf 85' lang='lat' dir='ltr'>ac</span> <span class='ocrx_word' id='word_1_121' title='bbox 450 3885 610 3950; x_wconf 84' lang='lat' dir='ltr'>varietate</span> <span class='ocrx_word' id='word_1_122' title='bbox 625 3905 732 3949; x_wconf 90' lang='lat' dir='ltr'>rerum</span> <span class='ocrx_word' id='word_1_123' title='bbox 756 3887 1006 3962; x_wconf 86' lang='lat' dir='ltr'>oneraverimus‚</span> <span class='ocrx_word' id='word_1_124' title='bbox 1023 3888 1162 3951; x_wconf 90' lang='lat' dir='ltr'>duorum</span> <span class='ocrx_word' id='word_1_125' title='bbox 1178 3885 1318 3951; x_wconf 90' lang='lat' dir='ltr'>alterum</span> 
     </span>
     <span class='ocr_line' id='line_1_23' title="bbox 166 3988 1319 4075; baseline 0.002 -25"><span class='ocrx_word' id='word_1_126' title='bbox 166 3997 225 4051; x_wconf 85' lang='lat' dir='ltr'>aut</span> <span class='ocrx_word' id='word_1_127' title='bbox 247 3988 449 4053; x_wconf 88' lang='lat' dir='ltr'>desertorem</span> <span class='ocrx_word' id='word_1_128' title='bbox 472 3989 655 4055; x_wconf 91' lang='lat' dir='ltr'>studiorum</span> <span class='ocrx_word' id='word_1_129' title='bbox 678 3989 855 4054; x_wconf 86' lang='lat' dir='ltr'>efficiemus</span> <span class='ocrx_word' id='word_1_130' title='bbox 880 4001 939 4055; x_wconf 85' lang='lat' dir='ltr'>aut</span> <span class='ocrx_word' id='word_1_131' title='bbox 962 4011 1037 4055; x_wconf 92' lang='lat' dir='ltr'>cum</span> <span class='ocrx_word' id='word_1_132' title='bbox 1065 4011 1186 4075; x_wconf 82' lang='lat' dir='ltr'>magno</span> <span class='ocrx_word' id='word_1_133' title='bbox 1205 3990 1319 4055; x_wconf 90' lang='lat' dir='ltr'>labore</span> 
     </span>
    </p>
   </div>
   <div class='ocr_carea' id='block_1_7' title="bbox 166 4185 1319 4508">
    <p class='ocr_par' dir='ltr' id='par_1_10' title="bbox 166 4185 1319 4508">
     <span class='ocr_line' id='line_1_24' title="bbox 202 4185 1319 4257; baseline 0.003 -17"><span class='ocrx_word' id='word_1_134' title='bbox 202 4188 299 4240; x_wconf 70' lang='lat' dir='ltr'>mn</span> <span class='ocrx_word' id='word_1_135' title='bbox 320 4186 367 4240; x_wconf 93' lang='lat' dir='ltr'>On</span> <span class='ocrx_word' id='word_1_136' title='bbox 383 4186 465 4241; x_wconf 83' lang='lat' dir='ltr'>these</span> <span class='ocrx_word' id='word_1_137' title='bbox 485 4185 647 4242; x_wconf 84' lang='lat' dir='ltr'>definitions</span> <span class='ocrx_word' id='word_1_138' title='bbox 659 4186 693 4241; x_wconf 84' lang='lat' dir='ltr'>os</span> <span class='ocrx_word' id='word_1_139' title='bbox 702 4186 806 4257; x_wconf 86' lang='lat' dir='ltr'>justice</span> <span class='ocrx_word' id='word_1_140' title='bbox 824 4186 881 4242; x_wconf 88' lang='lat' dir='ltr'>and</span> <span class='ocrx_word' id='word_1_141' title='bbox 896 4185 1112 4257; x_wconf 87' lang='lat' dir='ltr'>jurisprudence</span> <span class='ocrx_word' id='word_1_142' title='bbox 1129 4205 1178 4243; x_wconf 89' lang='lat' dir='ltr'>see</span> <span class='ocrx_word' id='word_1_143' title='bbox 1196 4187 1319 4244; x_wconf 76' lang='lat' dir='ltr'>Genera!</span> 
     </span>
     <span class='ocr_line' id='line_1_25' title="bbox 169 4268 1319 4340; baseline 0.001 -17"><span class='ocrx_word' id='word_1_144' title='bbox 169 4268 374 4338; x_wconf 76' lang='lat' dir='ltr'>Introduction,</span> <span class='ocrx_word' id='word_1_145' title='bbox 384 4286 412 4339; x_wconf 87' lang='lat' dir='ltr'>p.</span> <span class='ocrx_word' id='word_1_146' title='bbox 427 4281 469 4339; x_wconf 75' lang='lat'>53,</span> <span class='ocrx_word' id='word_1_147' title='bbox 482 4287 558 4340; x_wconf 83' lang='lat' dir='ltr'>supr.</span> <span class='ocrx_word' id='word_1_148' title='bbox 596 4271 658 4325; x_wconf 88' lang='lat' dir='ltr'>The</span> <span class='ocrx_word' id='word_1_149' title='bbox 669 4270 728 4325; x_wconf 87' lang='lat' dir='ltr'>first</span> <span class='ocrx_word' id='word_1_150' title='bbox 741 4269 765 4325; x_wconf 92' lang='lat' dir='ltr'>is</span> <span class='ocrx_word' id='word_1_151' title='bbox 778 4288 810 4327; x_wconf 85' lang='lat' dir='ltr'>as</span> <span class='ocrx_word' id='word_1_152' title='bbox 823 4271 871 4325; x_wconf 92' lang='lat' dir='ltr'>old</span> <span class='ocrx_word' id='word_1_153' title='bbox 884 4287 916 4326; x_wconf 87' lang='lat' dir='ltr'>as</span> <span class='ocrx_word' id='word_1_154' title='bbox 929 4270 1093 4326; x_wconf 87' lang='lat' dir='ltr'>Simonides</span> <span class='ocrx_word' id='word_1_155' title='bbox 1106 4271 1150 4340; x_wconf 76' lang='grc' dir='ltr'>(τὰ</span> <span class='ocrx_word' id='word_1_156' title='bbox 1161 4271 1319 4340; x_wconf 65' lang='grc' dir='ltr'>ὀφειλόμενα</span> 
     </span>
     <span class='ocr_line' id='line_1_26' title="bbox 166 4351 1319 4426; baseline 0.003 -21"><span class='ocrx_word' id='word_1_157' title='bbox 166 4353 270 4426; x_wconf 67' lang='lat' dir='ltr'>indm</span> <span class='ocrx_word' id='word_1_158' title='bbox 287 4351 438 4407; x_wconf 70' lang='grc' dir='ltr'>ἀποδιδόναι</span> <span class='ocrx_word' id='word_1_159' title='bbox 456 4352 555 4408; x_wconf 77' lang='grc' dir='ltr'>δίκαιόν</span> <span class='ocrx_word' id='word_1_160' title='bbox 573 4352 639 4421; x_wconf 71' lang='grc' dir='ltr'>ἐστι,</span> <span class='ocrx_word' id='word_1_161' title='bbox 652 4353 727 4409; x_wconf 84' lang='lat' dir='ltr'>cited</span> <span class='ocrx_word' id='word_1_162' title='bbox 742 4354 771 4410; x_wconf 90' lang='lat' dir='ltr'>in</span> <span class='ocrx_word' id='word_1_163' title='bbox 788 4355 878 4424; x_wconf 83' lang='lat' dir='ltr'>Plato,</span> <span class='ocrx_word' id='word_1_164' title='bbox 892 4355 963 4425; x_wconf 88' lang='lat' dir='ltr'>Rep.</span> <span class='ocrx_word' id='word_1_165' title='bbox 977 4352 1023 4424; x_wconf 90' lang='lat' dir='ltr'>i.):</span> <span class='ocrx_word' id='word_1_166' title='bbox 1042 4354 1086 4410; x_wconf 82' lang='lat' dir='ltr'>sor</span> <span class='ocrx_word' id='word_1_167' title='bbox 1098 4355 1175 4411; x_wconf 86' lang='lat' dir='ltr'>close</span> <span class='ocrx_word' id='word_1_168' title='bbox 1187 4354 1319 4425; x_wconf 81' lang='lat' dir='ltr'>paralleis</span> 
     </span>
     <span class='ocr_line' id='line_1_27' title="bbox 168 4434 775 4508; baseline 0 -15"><span class='ocrx_word' id='word_1_169' title='bbox 168 4435 202 4493; x_wconf 74' lang='lat' dir='ltr'>ei</span> <span class='ocrx_word' id='word_1_170' title='bbox 217 4435 276 4493; x_wconf 84' lang='lat' dir='ltr'>Cic.</span> <span class='ocrx_word' id='word_1_171' title='bbox 289 4435 326 4492; x_wconf 85' lang='lat' dir='ltr'>de</span> <span class='ocrx_word' id='word_1_172' title='bbox 338 4434 401 4493; x_wconf 78' lang='lat' dir='ltr'>Fin.</span> <span class='ocrx_word' id='word_1_173' title='bbox 413 4454 440 4494; x_wconf 83' lang='lat' dir='ltr'>v.</span> <span class='ocrx_word' id='word_1_174' title='bbox 454 4450 497 4508; x_wconf 85' lang='lat'>23,</span> <span class='ocrx_word' id='word_1_175' title='bbox 510 4436 547 4494; x_wconf 86' lang='lat' dir='ltr'>de</span> <span class='ocrx_word' id='word_1_176' title='bbox 560 4435 616 4493; x_wconf 82' lang='lat' dir='ltr'>off.</span> <span class='ocrx_word' id='word_1_177' title='bbox 629 4436 647 4494; x_wconf 91' lang='lat' dir='ltr'>i.</span> <span class='ocrx_word' id='word_1_178' title='bbox 661 4451 685 4508; x_wconf 85' lang='lat'>2,</span> <span class='ocrx_word' id='word_1_179' title='bbox 699 4435 735 4493; x_wconf 84' lang='lat' dir='ltr'>iii</span> <span class='ocrx_word' id='word_1_180' title='bbox 750 4451 775 4494; x_wconf 86' lang='lat'>2.</span> 
     </span>
    </p>
   </div>
   <div class='ocr_carea' id='block_1_8' title="bbox 0 0 1508 5048">
    <p class='ocr_par' dir='ltr' id='par_1_11' title="bbox 0 0 1508 5048">
     <span class='ocr_line' id='line_1_28' title="bbox 0 0 1508 5048; baseline 0 0"><span class='ocrx_word' id='word_1_181' title='bbox 0 0 1508 5048; x_wconf 95' lang='lat' dir='ltr'> </span> 
     </span>
    </p>
   </div>
  </div>
 </body>
</html>
