<?xml version="1.0" encoding="UTF-8"?>
<!DOCTYPE html PUBLIC "-//W3C//DTD XHTML 1.0 Transitional//EN"
    "http://www.w3.org/TR/xhtml1/DTD/xhtml1-transitional.dtd">
<html xmlns="http://www.w3.org/1999/xhtml" xml:lang="en" lang="en">
 <head>
  <title>
</title>
<meta http-equiv="Content-Type" content="text/html;charset=utf-8" />
  <meta name='ocr-system' content='tesseract 3.04.00' />
  <meta name='ocr-capabilities' content='ocr_page ocr_carea ocr_par ocr_line ocrx_word'/>
</head>
<body>
  <div class='ocr_page' id='page_1' title='image "./imperatorisiust00goog_0274.png"; bbox 0 0 2986 5048; ppageno 0'>
   <div class='ocr_carea' id='block_1_1' title="bbox 102 343 1248 418">
    <p class='ocr_par' dir='ltr' id='par_1_1' title="bbox 102 343 1248 418">
     <span class='ocr_line' id='line_1_1' title="bbox 102 343 1248 418; baseline -0.003 -9"><span class='ocrx_word' id='word_1_1' title='bbox 102 359 154 409; x_wconf 75' lang='lat' dir='ltr'>&#39;ru</span> <span class='ocrx_word' id='word_1_2' title='bbox 167 351 219 418; x_wconf 62' lang='lat' dir='ltr'>rb]</span> <span class='ocrx_word' id='word_1_3' title='bbox 334 349 395 406; x_wconf 85' lang='lat' dir='ltr'>DE</span> <span class='ocrx_word' id='word_1_4' title='bbox 415 350 647 406; x_wconf 79' lang='lat' dir='ltr'><em>PUPILLARI</em></span> <span class='ocrx_word' id='word_1_5' title='bbox 664 349 690 405; x_wconf 86' lang='lat' dir='ltr'><em>S</em></span> <span class='ocrx_word' id='word_1_6' title='bbox 693 349 772 405; x_wconf 86' lang='lat' dir='ltr'>UBS</span> <span class='ocrx_word' id='word_1_7' title='bbox 775 350 846 405; x_wconf 83' lang='lat' dir='ltr'>TIT</span> <span class='ocrx_word' id='word_1_8' title='bbox 848 350 903 405; x_wconf 87' lang='lat' dir='ltr'>UT</span> <span class='ocrx_word' id='word_1_9' title='bbox 901 350 1016 406; x_wconf 85' lang='lat' dir='ltr'><em>IONE·</em></span> <span class='ocrx_word' id='word_1_10' title='bbox 1188 343 1248 407; x_wconf 83' lang='lat'>261</span> 
     </span>
    </p>
   </div>
   <div class='ocr_carea' id='block_1_2' title="bbox 99 511 1282 1512">
    <p class='ocr_par' dir='ltr' id='par_1_2' title="bbox 99 511 1282 1512">
     <span class='ocr_line' id='line_1_2' title="bbox 101 511 1282 596; baseline 0.002 -18"><span class='ocrx_word' id='word_1_11' title='bbox 101 512 245 579; x_wconf 80' lang='lat' dir='ltr'><strong>admitti.</strong></span> <span class='ocrx_word' id='word_1_12' title='bbox 289 511 328 577; x_wconf 89' lang='lat' dir='ltr'>Si</span> <span class='ocrx_word' id='word_1_13' title='bbox 350 532 479 577; x_wconf 80' lang='lat' dir='ltr'>servum</span> <span class='ocrx_word' id='word_1_14' title='bbox 501 512 644 576; x_wconf 90' lang='lat' dir='ltr'>alienum</span> <span class='ocrx_word' id='word_1_15' title='bbox 667 513 741 596; x_wconf 88' lang='lat' dir='ltr'>quis</span> <span class='ocrx_word' id='word_1_16' title='bbox 761 524 890 596; x_wconf 90' lang='lat' dir='ltr'>patrem</span> <span class='ocrx_word' id='word_1_17' title='bbox 912 513 1052 578; x_wconf 80' lang='lat' dir='ltr'>familias</span> <span class='ocrx_word' id='word_1_18' title='bbox 1074 514 1282 581; x_wconf 83' lang='lat' dir='ltr'>arbitratus4</span> 
     </span>
     <span class='ocr_line' id='line_1_3' title="bbox 100 617 1252 701; baseline 0.003 -19"><span class='ocrx_word' id='word_1_19' title='bbox 100 618 258 682; x_wconf 85' lang='lat' dir='ltr'>heredem</span> <span class='ocrx_word' id='word_1_20' title='bbox 277 617 442 701; x_wconf 85' lang='lat' dir='ltr'><strong>scripserit</strong></span> <span class='ocrx_word' id='word_1_21' title='bbox 466 627 510 693; x_wconf 91' lang='lat' dir='ltr'>et,</span> <span class='ocrx_word' id='word_1_22' title='bbox 525 619 552 681; x_wconf 92' lang='lat' dir='ltr'>si</span> <span class='ocrx_word' id='word_1_23' title='bbox 575 618 669 681; x_wconf 91' lang='lat' dir='ltr'>heres</span> <span class='ocrx_word' id='word_1_24' title='bbox 690 639 755 684; x_wconf 91' lang='lat' dir='ltr'>non</span> <span class='ocrx_word' id='word_1_25' title='bbox 776 629 872 696; x_wconf 91' lang='lat' dir='ltr'>esset,</span> <span class='ocrx_word' id='word_1_26' title='bbox 888 619 1056 683; x_wconf 92' lang='lat' dir='ltr'>Maevium</span> <span class='ocrx_word' id='word_1_27' title='bbox 1077 621 1106 683; x_wconf 91' lang='lat' dir='ltr'>ei</span> <span class='ocrx_word' id='word_1_28' title='bbox 1130 620 1252 686; x_wconf 91' lang='lat' dir='ltr'>substi-</span> 
     </span>
     <span class='ocr_line' id='line_1_4' title="bbox 100 720 1252 803; baseline 0.001 -17"><span class='ocrx_word' id='word_1_29' title='bbox 100 722 202 787; x_wconf 89' lang='lat' dir='ltr'>tuerit</span> <span class='ocrx_word' id='word_1_30' title='bbox 217 722 310 803; x_wconf 89' lang='lat' dir='ltr'>isque</span> <span class='ocrx_word' id='word_1_31' title='bbox 328 740 441 784; x_wconf 87' lang='lat' dir='ltr'>servus</span> <span class='ocrx_word' id='word_1_32' title='bbox 461 720 550 783; x_wconf 91' lang='lat' dir='ltr'>iussu</span> <span class='ocrx_word' id='word_1_33' title='bbox 571 721 696 785; x_wconf 90' lang='lat' dir='ltr'>domini</span> <span class='ocrx_word' id='word_1_34' title='bbox 716 722 835 786; x_wconf 90' lang='lat' dir='ltr'>adierit</span> <span class='ocrx_word' id='word_1_35' title='bbox 857 722 1084 799; x_wconf 87' lang='lat' dir='ltr'>hereditatem,</span> <span class='ocrx_word' id='word_1_36' title='bbox 1101 723 1252 787; x_wconf 91' lang='lat' dir='ltr'>Maevius</span> 
     </span>
     <span class='ocr_line' id='line_1_5' title="bbox 101 823 1251 908; baseline 0.002 -20"><span class='ocrx_word' id='word_1_37' title='bbox 101 825 137 888; x_wconf 90' lang='lat' dir='ltr'>in</span> <span class='ocrx_word' id='word_1_38' title='bbox 152 833 281 908; x_wconf 90' lang='lat' dir='ltr'>partem</span> <span class='ocrx_word' id='word_1_39' title='bbox 297 824 494 888; x_wconf 86' lang='lat' dir='ltr'>admittitur.</span> <span class='ocrx_word' id='word_1_40' title='bbox 529 823 586 888; x_wconf 90' lang='lat' dir='ltr'>illa</span> <span class='ocrx_word' id='word_1_41' title='bbox 601 826 689 887; x_wconf 91' lang='lat' dir='ltr'>enim</span> <span class='ocrx_word' id='word_1_42' title='bbox 704 824 804 888; x_wconf 92' lang='lat' dir='ltr'>verba</span> <span class='ocrx_word' id='word_1_43' title='bbox 821 826 863 888; x_wconf 93' lang='lat' dir='ltr'>‘si</span> <span class='ocrx_word' id='word_1_44' title='bbox 879 824 974 889; x_wconf 91' lang='lat' dir='ltr'>heres</span> <span class='ocrx_word' id='word_1_45' title='bbox 989 845 1055 889; x_wconf 90' lang='lat' dir='ltr'>non</span> <span class='ocrx_word' id='word_1_46' title='bbox 1071 825 1146 889; x_wconf 89' lang='lat' dir='ltr'>erit’</span> <span class='ocrx_word' id='word_1_47' title='bbox 1162 827 1194 888; x_wconf 93' lang='lat' dir='ltr'>in</span> <span class='ocrx_word' id='word_1_48' title='bbox 1210 847 1251 890; x_wconf 90' lang='lat' dir='ltr'>eo</span> 
     </span>
     <span class='ocr_line' id='line_1_6' title="bbox 100 926 1252 1009; baseline 0.002 -19"><span class='ocrx_word' id='word_1_49' title='bbox 100 928 247 1009; x_wconf 89' lang='lat' dir='ltr'>quidem,</span> <span class='ocrx_word' id='word_1_50' title='bbox 261 947 362 1008; x_wconf 92' lang='lat' dir='ltr'>quem</span> <span class='ocrx_word' id='word_1_51' title='bbox 377 926 485 990; x_wconf 91' lang='lat' dir='ltr'>alieno</span> <span class='ocrx_word' id='word_1_52' title='bbox 501 927 562 991; x_wconf 90' lang='lat' dir='ltr'>iuri</span> <span class='ocrx_word' id='word_1_53' title='bbox 580 926 764 990; x_wconf 90' lang='lat' dir='ltr'>subiectum</span> <span class='ocrx_word' id='word_1_54' title='bbox 781 949 852 992; x_wconf 91' lang='lat' dir='ltr'>esse</span> <span class='ocrx_word' id='word_1_55' title='bbox 870 937 1010 993; x_wconf 91' lang='lat' dir='ltr'>testator</span> <span class='ocrx_word' id='word_1_56' title='bbox 1025 927 1095 1003; x_wconf 92' lang='lat' dir='ltr'>scit,</span> <span class='ocrx_word' id='word_1_57' title='bbox 1106 928 1152 992; x_wconf 89' lang='lat' dir='ltr'>sic</span> <span class='ocrx_word' id='word_1_58' title='bbox 1167 931 1252 993; x_wconf 93' lang='lat' dir='ltr'>acci-</span> 
     </span>
     <span class='ocr_line' id='line_1_7' title="bbox 101 1030 1251 1113; baseline 0.003 -21"><span class='ocrx_word' id='word_1_59' title='bbox 101 1032 251 1112; x_wconf 90' lang='lat' dir='ltr'>piuntur:</span> <span class='ocrx_word' id='word_1_60' title='bbox 266 1030 293 1093; x_wconf 92' lang='lat' dir='ltr'>si</span> <span class='ocrx_word' id='word_1_61' title='bbox 305 1050 413 1111; x_wconf 91' lang='lat' dir='ltr'>neque</span> <span class='ocrx_word' id='word_1_62' title='bbox 425 1030 496 1111; x_wconf 91' lang='lat' dir='ltr'>ipse</span> <span class='ocrx_word' id='word_1_63' title='bbox 507 1030 603 1094; x_wconf 91' lang='lat' dir='ltr'>heres</span> <span class='ocrx_word' id='word_1_64' title='bbox 615 1031 676 1094; x_wconf 93' lang='lat' dir='ltr'>erit</span> <span class='ocrx_word' id='word_1_65' title='bbox 686 1051 793 1113; x_wconf 90' lang='lat' dir='ltr'>neque</span> <span class='ocrx_word' id='word_1_66' title='bbox 804 1031 904 1094; x_wconf 93' lang='lat' dir='ltr'>alium</span> <span class='ocrx_word' id='word_1_67' title='bbox 917 1030 1074 1094; x_wconf 87' lang='lat' dir='ltr'>heredem</span> <span class='ocrx_word' id='word_1_68' title='bbox 1086 1031 1251 1096; x_wconf 87' lang='lat' dir='ltr'>effecerit:</span> 
     </span>
     <span class='ocr_line' id='line_1_8' title="bbox 100 1133 1252 1217; baseline 0.001 -20"><span class='ocrx_word' id='word_1_69' title='bbox 100 1136 134 1197; x_wconf 92' lang='lat' dir='ltr'>in</span> <span class='ocrx_word' id='word_1_70' title='bbox 155 1154 195 1197; x_wconf 91' lang='lat' dir='ltr'>eo</span> <span class='ocrx_word' id='word_1_71' title='bbox 210 1154 297 1211; x_wconf 92' lang='lat' dir='ltr'>vero,</span> <span class='ocrx_word' id='word_1_72' title='bbox 313 1154 413 1215; x_wconf 92' lang='lat' dir='ltr'>quem</span> <span class='ocrx_word' id='word_1_73' title='bbox 434 1144 564 1215; x_wconf 91' lang='lat' dir='ltr'>patrem</span> <span class='ocrx_word' id='word_1_74' title='bbox 585 1133 726 1197; x_wconf 80' lang='lat' dir='ltr'>familias</span> <span class='ocrx_word' id='word_1_75' title='bbox 746 1156 818 1198; x_wconf 91' lang='lat' dir='ltr'>esse</span> <span class='ocrx_word' id='word_1_76' title='bbox 840 1135 1023 1212; x_wconf 89' lang='lat' dir='ltr'>arbitratur,</span> <span class='ocrx_word' id='word_1_77' title='bbox 1045 1133 1126 1198; x_wconf 93' lang='lat' dir='ltr'>illud</span> <span class='ocrx_word' id='word_1_78' title='bbox 1149 1136 1252 1217; x_wconf 87' lang='lat' dir='ltr'>signi·</span> 
     </span>
     <span class='ocr_line' id='line_1_9' title="bbox 100 1236 1251 1321; baseline 0.003 -21"><span class='ocrx_word' id='word_1_79' title='bbox 100 1236 221 1301; x_wconf 87' lang='lat' dir='ltr'>ficant:</span> <span class='ocrx_word' id='word_1_80' title='bbox 252 1238 278 1301; x_wconf 93' lang='lat' dir='ltr'>si</span> <span class='ocrx_word' id='word_1_81' title='bbox 306 1237 524 1301; x_wconf 88' lang='lat' dir='ltr'>hereditatem</span> <span class='ocrx_word' id='word_1_82' title='bbox 551 1240 613 1301; x_wconf 93' lang='lat' dir='ltr'>sibi</span> <span class='ocrx_word' id='word_1_83' title='bbox 636 1239 715 1313; x_wconf 90' lang='lat' dir='ltr'>eive,</span> <span class='ocrx_word' id='word_1_84' title='bbox 743 1240 834 1303; x_wconf 92' lang='lat' dir='ltr'>cuius</span> <span class='ocrx_word' id='word_1_85' title='bbox 858 1240 919 1302; x_wconf 90' lang='lat' dir='ltr'>iuri</span> <span class='ocrx_word' id='word_1_86' title='bbox 943 1247 1059 1321; x_wconf 89' lang='lat' dir='ltr'>postea</span> <span class='ocrx_word' id='word_1_87' title='bbox 1085 1240 1251 1303; x_wconf 90' lang='lat' dir='ltr'>subiectus</span> 
     </span>
     <span class='ocr_line' id='line_1_10' title="bbox 100 1341 1251 1426; baseline -0.001 -21"><span class='ocrx_word' id='word_1_88' title='bbox 100 1361 174 1405; x_wconf 91' lang='lat' dir='ltr'>esse</span> <span class='ocrx_word' id='word_1_89' title='bbox 188 1342 341 1423; x_wconf 88' lang='lat' dir='ltr'>coeperit,</span> <span class='ocrx_word' id='word_1_90' title='bbox 361 1362 427 1405; x_wconf 90' lang='lat' dir='ltr'>non</span> <span class='ocrx_word' id='word_1_91' title='bbox 452 1343 652 1424; x_wconf 89' lang='lat' dir='ltr'>adquisierit.</span> <span class='ocrx_word' id='word_1_92' title='bbox 698 1344 797 1426; x_wconf 91' lang='lat' dir='ltr'>idque</span> <span class='ocrx_word' id='word_1_93' title='bbox 817 1343 969 1407; x_wconf 91' lang='lat' dir='ltr'>Tiberius</span> <span class='ocrx_word' id='word_1_94' title='bbox 991 1341 1115 1407; x_wconf 89' lang='lat' dir='ltr'>Caesar</span> <span class='ocrx_word' id='word_1_95' title='bbox 1129 1344 1161 1406; x_wconf 93' lang='lat' dir='ltr'>in</span> <span class='ocrx_word' id='word_1_96' title='bbox 1177 1363 1251 1424; x_wconf 91' lang='lat' dir='ltr'>per·</span> 
     </span>
     <span class='ocr_line' id='line_1_11' title="bbox 99 1445 722 1512; baseline 0.003 -2"><span class='ocrx_word' id='word_1_97' title='bbox 99 1466 182 1510; x_wconf 85' lang='lat' dir='ltr'>sona</span> <span class='ocrx_word' id='word_1_98' title='bbox 197 1445 364 1511; x_wconf 88' lang='lat' dir='ltr'>Parthenii</span> <span class='ocrx_word' id='word_1_99' title='bbox 378 1447 463 1510; x_wconf 91' lang='lat' dir='ltr'>servi</span> <span class='ocrx_word' id='word_1_100' title='bbox 477 1448 528 1510; x_wconf 92' lang='lat' dir='ltr'>sui</span> <span class='ocrx_word' id='word_1_101' title='bbox 543 1449 722 1512; x_wconf 90' lang='lat' dir='ltr'>constituit.</span> 
     </span>
    </p>
   </div>
   <div class='ocr_carea' id='block_1_3' title="bbox 375 1687 975 1917">
    <p class='ocr_par' dir='ltr' id='par_1_3' title="bbox 375 1687 975 1917">
     <span class='ocr_line' id='line_1_12' title="bbox 628 1687 725 1752; baseline 0 -1"><span class='ocrx_word' id='word_1_102' title='bbox 628 1687 725 1752; x_wconf 85' lang='lat' dir='ltr'><strong>XVI.</strong></span> 
     </span>
     <span class='ocr_line' id='line_1_13' title="bbox 375 1861 975 1917; baseline 0.002 -2"><span class='ocrx_word' id='word_1_103' title='bbox 375 1865 424 1915; x_wconf 83' lang='lat' dir='ltr'>nn</span> <span class='ocrx_word' id='word_1_104' title='bbox 447 1863 645 1917; x_wconf 74' lang='lat' dir='ltr'>eununnru</span> <span class='ocrx_word' id='word_1_105' title='bbox 669 1861 975 1916; x_wconf 79' lang='lat' dir='ltr'>sunsrrrurronn.</span> 
     </span>
    </p>
   </div>
   <div class='ocr_carea' id='block_1_4' title="bbox 98 2012 1252 3240">
    <p class='ocr_par' dir='ltr' id='par_1_4' title="bbox 98 2012 1252 3240">
     <span class='ocr_line' id='line_1_14' title="bbox 144 2012 1251 2097; baseline 0 -19"><span class='ocrx_word' id='word_1_106' title='bbox 144 2013 273 2078; x_wconf 88' lang='lat' dir='ltr'>Liberis</span> <span class='ocrx_word' id='word_1_107' title='bbox 288 2012 355 2079; x_wconf 91' lang='lat' dir='ltr'>suis</span> <span class='ocrx_word' id='word_1_108' title='bbox 370 2014 604 2097; x_wconf 88' lang='lat' dir='ltr'>impuberibus,</span> <span class='ocrx_word' id='word_1_109' title='bbox 618 2034 703 2095; x_wconf 91' lang='lat' dir='ltr'>quos</span> <span class='ocrx_word' id='word_1_110' title='bbox 723 2013 755 2077; x_wconf 93' lang='lat' dir='ltr'>in</span> <span class='ocrx_word' id='word_1_111' title='bbox 779 2023 946 2097; x_wconf 87' lang='lat' dir='ltr'>potestate</span> <span class='ocrx_word' id='word_1_112' title='bbox 961 2014 1035 2097; x_wconf 91' lang='lat' dir='ltr'>quis</span> <span class='ocrx_word' id='word_1_113' title='bbox 1058 2013 1168 2093; x_wconf 90' lang='lat' dir='ltr'>habet,</span> <span class='ocrx_word' id='word_1_114' title='bbox 1184 2035 1251 2079; x_wconf 92' lang='lat' dir='ltr'>non</span> 
     </span>
     <span class='ocr_line' id='line_1_15' title="bbox 100 2119 1252 2203; baseline 0.001 -20"><span class='ocrx_word' id='word_1_115' title='bbox 100 2119 208 2183; x_wconf 87' lang='lat' dir='ltr'>solum</span> <span class='ocrx_word' id='word_1_116' title='bbox 224 2120 270 2183; x_wconf 93' lang='lat' dir='ltr'>ita</span> <span class='ocrx_word' id='word_1_117' title='bbox 286 2128 322 2182; x_wconf 91' lang='lat' dir='ltr'>ut</span> <span class='ocrx_word' id='word_1_118' title='bbox 337 2139 436 2201; x_wconf 91' lang='lat' dir='ltr'>supra</span> <span class='ocrx_word' id='word_1_119' title='bbox 447 2120 594 2183; x_wconf 89' lang='lat' dir='ltr'>diximus</span> <span class='ocrx_word' id='word_1_120' title='bbox 609 2119 808 2183; x_wconf 89' lang='lat' dir='ltr'>substituere</span> <span class='ocrx_word' id='word_1_121' title='bbox 823 2131 943 2203; x_wconf 90' lang='lat' dir='ltr'>potest,</span> <span class='ocrx_word' id='word_1_122' title='bbox 951 2121 985 2184; x_wconf 90' lang='lat' dir='ltr'>id</span> <span class='ocrx_word' id='word_1_123' title='bbox 1001 2129 1052 2183; x_wconf 89' lang='lat' dir='ltr'>est</span> <span class='ocrx_word' id='word_1_124' title='bbox 1064 2129 1108 2196; x_wconf 88' lang='lat' dir='ltr'>ut,</span> <span class='ocrx_word' id='word_1_125' title='bbox 1115 2121 1142 2183; x_wconf 92' lang='lat' dir='ltr'>si</span> <span class='ocrx_word' id='word_1_126' title='bbox 1158 2119 1252 2184; x_wconf 91' lang='lat' dir='ltr'>here·</span> 
     </span>
     <span class='ocr_line' id='line_1_16' title="bbox 100 2222 1251 2306; baseline 0.001 -20"><span class='ocrx_word' id='word_1_127' title='bbox 100 2224 206 2288; x_wconf 91' lang='lat' dir='ltr'>desei</span> <span class='ocrx_word' id='word_1_128' title='bbox 222 2244 288 2286; x_wconf 92' lang='lat' dir='ltr'>non</span> <span class='ocrx_word' id='word_1_129' title='bbox 304 2224 484 2300; x_wconf 87' lang='lat' dir='ltr'>extiterint,</span> <span class='ocrx_word' id='word_1_130' title='bbox 496 2224 581 2287; x_wconf 87' lang='lat' dir='ltr'>alius</span> <span class='ocrx_word' id='word_1_131' title='bbox 596 2224 625 2286; x_wconf 93' lang='lat' dir='ltr'>ei</span> <span class='ocrx_word' id='word_1_132' title='bbox 641 2222 684 2286; x_wconf 92' lang='lat' dir='ltr'>sit</span> <span class='ocrx_word' id='word_1_133' title='bbox 698 2223 802 2298; x_wconf 78' lang='lat' dir='ltr'>hereS,</span> <span class='ocrx_word' id='word_1_134' title='bbox 818 2224 877 2287; x_wconf 90' lang='lat' dir='ltr'>sed</span> <span class='ocrx_word' id='word_1_135' title='bbox 898 2245 938 2288; x_wconf 90' lang='lat' dir='ltr'>eo</span> <span class='ocrx_word' id='word_1_136' title='bbox 953 2224 1096 2306; x_wconf 91' lang='lat' dir='ltr'>amplius</span> <span class='ocrx_word' id='word_1_137' title='bbox 1111 2235 1147 2289; x_wconf 91' lang='lat' dir='ltr'>ut</span> <span class='ocrx_word' id='word_1_138' title='bbox 1163 2234 1205 2303; x_wconf 92' lang='lat' dir='ltr'>et,</span> <span class='ocrx_word' id='word_1_139' title='bbox 1223 2225 1251 2288; x_wconf 92' lang='lat' dir='ltr'>si</span> 
     </span>
     <span class='ocr_line' id='line_1_17' title="bbox 99 2327 1252 2409; baseline 0.002 -19"><span class='ocrx_word' id='word_1_140' title='bbox 99 2327 238 2392; x_wconf 89' lang='lat' dir='ltr'>heredes</span> <span class='ocrx_word' id='word_1_141' title='bbox 255 2328 284 2390; x_wconf 92' lang='lat' dir='ltr'>ei</span> <span class='ocrx_word' id='word_1_142' title='bbox 299 2328 470 2391; x_wconf 89' lang='lat' dir='ltr'>extiterint</span> <span class='ocrx_word' id='word_1_143' title='bbox 487 2336 520 2391; x_wconf 92' lang='lat' dir='ltr'>et</span> <span class='ocrx_word' id='word_1_144' title='bbox 535 2327 644 2391; x_wconf 90' lang='lat' dir='ltr'>adhuc</span> <span class='ocrx_word' id='word_1_145' title='bbox 659 2328 847 2409; x_wconf 91' lang='lat' dir='ltr'>impuberes</span> <span class='ocrx_word' id='word_1_146' title='bbox 863 2331 983 2394; x_wconf 91' lang='lat' dir='ltr'>mortui</span> <span class='ocrx_word' id='word_1_147' title='bbox 998 2328 1126 2404; x_wconf 88' lang='lat' dir='ltr'>fuerint,</span> <span class='ocrx_word' id='word_1_148' title='bbox 1143 2329 1186 2392; x_wconf 92' lang='lat' dir='ltr'>sit</span> <span class='ocrx_word' id='word_1_149' title='bbox 1205 2328 1252 2392; x_wconf 91' lang='lat' dir='ltr'>eis</span> 
     </span>
     <span class='ocr_line' id='line_1_18' title="bbox 98 2430 1252 2513; baseline 0 -18"><span class='ocrx_word' id='word_1_150' title='bbox 98 2430 218 2513; x_wconf 90' lang='lat' dir='ltr'>aliquis</span> <span class='ocrx_word' id='word_1_151' title='bbox 239 2431 343 2495; x_wconf 91' lang='lat' dir='ltr'>heres.</span> <span class='ocrx_word' id='word_1_152' title='bbox 387 2430 490 2495; x_wconf 92' lang='lat' dir='ltr'>veluti</span> <span class='ocrx_word' id='word_1_153' title='bbox 516 2431 543 2494; x_wconf 90' lang='lat' dir='ltr'>si</span> <span class='ocrx_word' id='word_1_154' title='bbox 569 2431 643 2512; x_wconf 91' lang='lat' dir='ltr'>quis</span> <span class='ocrx_word' id='word_1_155' title='bbox 665 2431 754 2495; x_wconf 93' lang='lat' dir='ltr'>dicat</span> <span class='ocrx_word' id='word_1_156' title='bbox 777 2432 840 2495; x_wconf 92' lang='lat' dir='ltr'>hoc</span> <span class='ocrx_word' id='word_1_157' title='bbox 863 2433 983 2496; x_wconf 91' lang='lat' dir='ltr'>modo:</span> <span class='ocrx_word' id='word_1_158' title='bbox 1013 2432 1139 2496; x_wconf 90' lang='lat' dir='ltr'>‘Titius</span> <span class='ocrx_word' id='word_1_159' title='bbox 1166 2431 1252 2495; x_wconf 88' lang='lat' dir='ltr'>filius</span> 
     </span>
     <span class='ocr_line' id='line_1_19' title="bbox 100 2534 1252 2611; baseline -0.001 -11"><span class='ocrx_word' id='word_1_160' title='bbox 100 2556 194 2600; x_wconf 90' lang='lat' dir='ltr'>meus</span> <span class='ocrx_word' id='word_1_161' title='bbox 209 2535 304 2599; x_wconf 92' lang='lat' dir='ltr'>heres</span> <span class='ocrx_word' id='word_1_162' title='bbox 320 2534 400 2600; x_wconf 91' lang='lat' dir='ltr'>mihi</span> <span class='ocrx_word' id='word_1_163' title='bbox 415 2546 509 2600; x_wconf 91' lang='lat' dir='ltr'>esto:</span> <span class='ocrx_word' id='word_1_164' title='bbox 532 2537 559 2598; x_wconf 92' lang='lat' dir='ltr'>si</span> <span class='ocrx_word' id='word_1_165' title='bbox 575 2534 661 2599; x_wconf 87' lang='lat' dir='ltr'>filius</span> <span class='ocrx_word' id='word_1_166' title='bbox 685 2556 778 2599; x_wconf 90' lang='lat' dir='ltr'>meus</span> <span class='ocrx_word' id='word_1_167' title='bbox 798 2536 893 2600; x_wconf 92' lang='lat' dir='ltr'>heres</span> <span class='ocrx_word' id='word_1_168' title='bbox 914 2536 994 2600; x_wconf 93' lang='lat' dir='ltr'>mihi</span> <span class='ocrx_word' id='word_1_169' title='bbox 1015 2557 1080 2600; x_wconf 93' lang='lat' dir='ltr'>non</span> <span class='ocrx_word' id='word_1_170' title='bbox 1096 2537 1167 2611; x_wconf 90' lang='lat' dir='ltr'>erit,</span> <span class='ocrx_word' id='word_1_171' title='bbox 1184 2537 1252 2599; x_wconf 91' lang='lat' dir='ltr'>sive</span> 
     </span>
     <span class='ocr_line' id='line_1_20' title="bbox 98 2639 1252 2722; baseline -0.002 -18"><span class='ocrx_word' id='word_1_172' title='bbox 98 2640 194 2704; x_wconf 86' lang='lat' dir='ltr'>heres</span> <span class='ocrx_word' id='word_1_173' title='bbox 217 2639 278 2704; x_wconf 90' lang='lat' dir='ltr'>erit</span> <span class='ocrx_word' id='word_1_174' title='bbox 300 2648 334 2703; x_wconf 91' lang='lat' dir='ltr'>et</span> <span class='ocrx_word' id='word_1_175' title='bbox 357 2641 447 2722; x_wconf 87' lang='lat' dir='ltr'>prius</span> <span class='ocrx_word' id='word_1_176' title='bbox 472 2639 638 2712; x_wconf 91' lang='lat' dir='ltr'>moriatur,</span> <span class='ocrx_word' id='word_1_177' title='bbox 661 2660 763 2721; x_wconf 92' lang='lat' dir='ltr'>quam</span> <span class='ocrx_word' id='word_1_178' title='bbox 791 2641 941 2704; x_wconf 90' lang='lat' dir='ltr'>insuam</span> <span class='ocrx_word' id='word_1_179' title='bbox 964 2641 1104 2705; x_wconf 89' lang='lat' dir='ltr'>tutelam</span> <span class='ocrx_word' id='word_1_180' title='bbox 1124 2641 1252 2702; x_wconf 92' lang='lat' dir='ltr'>venerit</span> 
     </span>
     <span class='ocr_line' id='line_1_21' title="bbox 99 2740 1251 2829; baseline -0.002 -23"><span class='ocrx_word' id='word_1_181' title='bbox 99 2740 146 2828; x_wconf 92' lang='lat' dir='ltr'>(id</span> <span class='ocrx_word' id='word_1_182' title='bbox 163 2753 213 2808; x_wconf 89' lang='lat' dir='ltr'>est</span> <span class='ocrx_word' id='word_1_183' title='bbox 229 2743 334 2825; x_wconf 91' lang='lat' dir='ltr'>pubes</span> <span class='ocrx_word' id='word_1_184' title='bbox 353 2744 459 2807; x_wconf 82' lang='lat' dir='ltr'>sactus</span> <span class='ocrx_word' id='word_1_185' title='bbox 477 2740 544 2829; x_wconf 93' lang='lat' dir='ltr'>sit),</span> <span class='ocrx_word' id='word_1_186' title='bbox 560 2752 638 2806; x_wconf 92' lang='lat' dir='ltr'>tunc</span> <span class='ocrx_word' id='word_1_187' title='bbox 662 2742 760 2806; x_wconf 91' lang='lat' dir='ltr'>Seius</span> <span class='ocrx_word' id='word_1_188' title='bbox 782 2742 877 2807; x_wconf 91' lang='lat' dir='ltr'>heres</span> <span class='ocrx_word' id='word_1_189' title='bbox 900 2743 990 2807; x_wconf 66' lang='lat' dir='ltr'>esto!</span> <span class='ocrx_word' id='word_1_190' title='bbox 1025 2764 1101 2825; x_wconf 92' lang='lat' dir='ltr'>·quo</span> <span class='ocrx_word' id='word_1_191' title='bbox 1122 2762 1200 2805; x_wconf 90' lang='lat' dir='ltr'>casu</span> <span class='ocrx_word' id='word_1_192' title='bbox 1224 2743 1251 2804; x_wconf 93' lang='lat' dir='ltr'>si</span> 
     </span>
     <span class='ocr_line' id='line_1_22' title="bbox 98 2844 1252 2929; baseline 0 -21"><span class='ocrx_word' id='word_1_193' title='bbox 98 2846 234 2929; x_wconf 90' lang='lat' dir='ltr'>quidem</span> <span class='ocrx_word' id='word_1_194' title='bbox 258 2867 325 2910; x_wconf 91' lang='lat' dir='ltr'>non</span> <span class='ocrx_word' id='word_1_195' title='bbox 350 2847 497 2911; x_wconf 90' lang='lat' dir='ltr'>extiterit</span> <span class='ocrx_word' id='word_1_196' title='bbox 521 2846 617 2909; x_wconf 91' lang='lat' dir='ltr'>heres</span> <span class='ocrx_word' id='word_1_197' title='bbox 643 2845 738 2920; x_wconf 85' lang='lat' dir='ltr'>filius,</span> <span class='ocrx_word' id='word_1_198' title='bbox 765 2856 844 2910; x_wconf 93' lang='lat' dir='ltr'>tunc</span> <span class='ocrx_word' id='word_1_199' title='bbox 871 2846 1070 2909; x_wconf 90' lang='lat' dir='ltr'>substitutus</span> <span class='ocrx_word' id='word_1_200' title='bbox 1097 2845 1180 2926; x_wconf 90' lang='lat' dir='ltr'>patri</span> <span class='ocrx_word' id='word_1_201' title='bbox 1214 2844 1252 2908; x_wconf 86' lang='lat' dir='ltr'>fit</span> 
     </span>
     <span class='ocr_line' id='line_1_23' title="bbox 98 2949 1251 3032; baseline -0.001 -18"><span class='ocrx_word' id='word_1_202' title='bbox 98 2951 213 3014; x_wconf 87' lang='lat' dir='ltr'>heres:</span> <span class='ocrx_word' id='word_1_203' title='bbox 236 2952 264 3014; x_wconf 92' lang='lat' dir='ltr'>si</span> <span class='ocrx_word' id='word_1_204' title='bbox 282 2971 359 3015; x_wconf 92' lang='lat' dir='ltr'>vero</span> <span class='ocrx_word' id='word_1_205' title='bbox 379 2952 528 3016; x_wconf 89' lang='lat' dir='ltr'>extiterit</span> <span class='ocrx_word' id='word_1_206' title='bbox 543 2949 639 3014; x_wconf 90' lang='lat' dir='ltr'>heres</span> <span class='ocrx_word' id='word_1_207' title='bbox 655 2949 740 3014; x_wconf 87' lang='lat' dir='ltr'>filius</span> <span class='ocrx_word' id='word_1_208' title='bbox 761 2962 795 3014; x_wconf 92' lang='lat' dir='ltr'>et</span> <span class='ocrx_word' id='word_1_209' title='bbox 817 2960 895 3014; x_wconf 88' lang='lat' dir='ltr'>ante</span> <span class='ocrx_word' id='word_1_210' title='bbox 912 2950 1122 3032; x_wconf 89' lang='lat' dir='ltr'>pubertatem</span> <span class='ocrx_word' id='word_1_211' title='bbox 1137 2949 1251 3013; x_wconf 91' lang='lat' dir='ltr'>deces-</span> 
     </span>
     <span class='ocr_line' id='line_1_24' title="bbox 98 3054 1249 3138; baseline -0.002 -19"><span class='ocrx_word' id='word_1_212' title='bbox 98 3057 186 3128; x_wconf 85' lang='lat' dir='ltr'>serit,</span> <span class='ocrx_word' id='word_1_213' title='bbox 202 3055 264 3138; x_wconf 92' lang='lat' dir='ltr'>ipsi</span> <span class='ocrx_word' id='word_1_214' title='bbox 279 3055 347 3119; x_wconf 86' lang='lat' dir='ltr'>filio</span> <span class='ocrx_word' id='word_1_215' title='bbox 369 3056 407 3120; x_wconf 87' lang='lat' dir='ltr'>fit</span> <span class='ocrx_word' id='word_1_216' title='bbox 427 3055 523 3120; x_wconf 91' lang='lat' dir='ltr'>heres</span> <span class='ocrx_word' id='word_1_217' title='bbox 543 3057 751 3120; x_wconf 89' lang='lat' dir='ltr'>substitutus.</span> <span class='ocrx_word' id='word_1_218' title='bbox 797 3076 873 3119; x_wconf 91' lang='lat' dir='ltr'>narn</span> <span class='ocrx_word' id='word_1_219' title='bbox 895 3054 1040 3118; x_wconf 89' lang='lat' dir='ltr'>moribus</span> <span class='ocrx_word' id='word_1_220' title='bbox 1061 3056 1249 3119; x_wconf 90' lang='lat' dir='ltr'>institutum</span> 
     </span>
     <span class='ocr_line' id='line_1_25' title="bbox 98 3159 1250 3240; baseline -0.002 -17"><span class='ocrx_word' id='word_1_221' title='bbox 98 3168 159 3237; x_wconf 77' lang='lat' dir='ltr'>est,</span> <span class='ocrx_word' id='word_1_222' title='bbox 181 3167 228 3234; x_wconf 90' lang='lat' dir='ltr'>ut,</span> <span class='ocrx_word' id='word_1_223' title='bbox 252 3179 328 3223; x_wconf 90' lang='lat' dir='ltr'>curn</span> <span class='ocrx_word' id='word_1_224' title='bbox 350 3160 421 3223; x_wconf 92' lang='lat' dir='ltr'>eius</span> <span class='ocrx_word' id='word_1_225' title='bbox 443 3161 563 3224; x_wconf 90' lang='lat' dir='ltr'>aetatis</span> <span class='ocrx_word' id='word_1_226' title='bbox 584 3168 670 3237; x_wconf 92' lang='lat' dir='ltr'>sunt,</span> <span class='ocrx_word' id='word_1_227' title='bbox 693 3159 726 3220; x_wconf 92' lang='lat' dir='ltr'>in</span> <span class='ocrx_word' id='word_1_228' title='bbox 749 3178 816 3239; x_wconf 91' lang='lat' dir='ltr'>qua</span> <span class='ocrx_word' id='word_1_229' title='bbox 838 3159 900 3240; x_wconf 91' lang='lat' dir='ltr'>ipsi</span> <span class='ocrx_word' id='word_1_230' title='bbox 924 3159 986 3221; x_wconf 93' lang='lat' dir='ltr'>sibi</span> <span class='ocrx_word' id='word_1_231' title='bbox 1013 3166 1250 3223; x_wconf 90' lang='lat' dir='ltr'>testamentum</span> 
     </span>
    </p>
   </div>
   <div class='ocr_carea' id='block_1_5' title="bbox 97 3389 1251 4543">
    <p class='ocr_par' dir='ltr' id='par_1_5' title="bbox 97 3389 1250 3530">
     <span class='ocr_line' id='line_1_26' title="bbox 98 3389 1250 3461; baseline -0.002 -16"><span class='ocrx_word' id='word_1_232' title='bbox 98 3391 167 3447; x_wconf 87' lang='lat' dir='ltr'>then</span> <span class='ocrx_word' id='word_1_233' title='bbox 188 3392 220 3460; x_wconf 92' lang='lat' dir='ltr'>C,</span> <span class='ocrx_word' id='word_1_234' title='bbox 239 3390 264 3445; x_wconf 87' lang='lat' dir='ltr'>ir</span> <span class='ocrx_word' id='word_1_235' title='bbox 272 3392 299 3445; x_wconf 83' lang='lat' dir='ltr'>A</span> <span class='ocrx_word' id='word_1_236' title='bbox 311 3391 369 3445; x_wconf 88' lang='lat' dir='ltr'>and</span> <span class='ocrx_word' id='word_1_237' title='bbox 382 3392 406 3444; x_wconf 92' lang='lat' dir='ltr'><strong>B</strong></span> <span class='ocrx_word' id='word_1_238' title='bbox 418 3391 488 3445; x_wconf 91' lang='lat' dir='ltr'>both</span> <span class='ocrx_word' id='word_1_239' title='bbox 501 3391 573 3461; x_wconf 93' lang='lat' dir='ltr'>drop</span> <span class='ocrx_word' id='word_1_240' title='bbox 586 3400 644 3453; x_wconf 90' lang='lat' dir='ltr'>out,</span> <span class='ocrx_word' id='word_1_241' title='bbox 654 3400 717 3459; x_wconf 86' lang='lat' dir='ltr'>gets</span> <span class='ocrx_word' id='word_1_242' title='bbox 731 3391 777 3444; x_wconf 85' lang='lat' dir='ltr'>B&#39;s</span> <span class='ocrx_word' id='word_1_243' title='bbox 791 3391 873 3444; x_wconf 89' lang='lat' dir='ltr'>share</span> <span class='ocrx_word' id='word_1_244' title='bbox 885 3399 935 3444; x_wconf 91' lang='lat' dir='ltr'>not</span> <span class='ocrx_word' id='word_1_245' title='bbox 948 3391 1015 3458; x_wconf 86' lang='lat' dir='ltr'>only</span> <span class='ocrx_word' id='word_1_246' title='bbox 1027 3406 1059 3444; x_wconf 89' lang='lat' dir='ltr'>as</span> <span class='ocrx_word' id='word_1_247' title='bbox 1073 3389 1250 3457; x_wconf 90' lang='lat' dir='ltr'>substitutus,</span> 
     </span>
     <span class='ocr_line' id='line_1_27' title="bbox 97 3474 432 3530; baseline 0 -1"><span class='ocrx_word' id='word_1_248' title='bbox 97 3474 148 3530; x_wconf 92' lang='lat' dir='ltr'>but</span> <span class='ocrx_word' id='word_1_249' title='bbox 160 3474 222 3529; x_wconf 87' lang='lat' dir='ltr'>also</span> <span class='ocrx_word' id='word_1_250' title='bbox 234 3491 267 3530; x_wconf 86' lang='lat' dir='ltr'>as</span> <span class='ocrx_word' id='word_1_251' title='bbox 280 3474 432 3530; x_wconf 81' lang='lat' dir='ltr'>institutus</span> 
     </span>
    </p>

    <p class='ocr_par' dir='ltr' id='par_1_6' title="bbox 97 3553 1251 4042">
     <span class='ocr_line' id='line_1_28' title="bbox 134 3553 1251 3628; baseline -0.002 -16"><span class='ocrx_word' id='word_1_252' title='bbox 134 3559 192 3612; x_wconf 86' lang='lat' dir='ltr'>For</span> <span class='ocrx_word' id='word_1_253' title='bbox 212 3558 261 3613; x_wconf 89' lang='lat' dir='ltr'>the</span> <span class='ocrx_word' id='word_1_254' title='bbox 283 3556 413 3628; x_wconf 85' lang='lat' dir='ltr'>question</span> <span class='ocrx_word' id='word_1_255' title='bbox 433 3557 559 3612; x_wconf 86' lang='lat' dir='ltr'>whether</span> <span class='ocrx_word' id='word_1_256' title='bbox 578 3574 596 3611; x_wconf 90' lang='lat' dir='ltr'>a</span> <span class='ocrx_word' id='word_1_257' title='bbox 612 3557 712 3625; x_wconf 86' lang='lat' dir='ltr'>vulgar</span> <span class='ocrx_word' id='word_1_258' title='bbox 728 3573 785 3611; x_wconf 85' lang='lat' dir='ltr'>was</span> <span class='ocrx_word' id='word_1_259' title='bbox 808 3554 924 3625; x_wconf 91' lang='lat' dir='ltr'>implied</span> <span class='ocrx_word' id='word_1_260' title='bbox 944 3553 973 3610; x_wconf 91' lang='lat' dir='ltr'>in</span> <span class='ocrx_word' id='word_1_261' title='bbox 992 3572 1010 3610; x_wconf 90' lang='lat' dir='ltr'>a</span> <span class='ocrx_word' id='word_1_262' title='bbox 1030 3555 1168 3625; x_wconf 89' lang='lat' dir='ltr'>pupillary</span> <span class='ocrx_word' id='word_1_263' title='bbox 1185 3557 1251 3610; x_wconf 92' lang='lat' dir='ltr'>sub·</span> 
     </span>
     <span class='ocr_line' id='line_1_29' title="bbox 98 3638 1250 3707; baseline -0.003 -11"><span class='ocrx_word' id='word_1_264' title='bbox 98 3641 225 3697; x_wconf 87' lang='lat' dir='ltr'>stitution</span> <span class='ocrx_word' id='word_1_265' title='bbox 250 3657 299 3695; x_wconf 88' lang='lat' dir='ltr'>see</span> <span class='ocrx_word' id='word_1_266' title='bbox 323 3642 376 3695; x_wconf 87' lang='lat' dir='ltr'>Mr.</span> <span class='ocrx_word' id='word_1_267' title='bbox 392 3641 499 3695; x_wconf 89' lang='lat' dir='ltr'>Poste’s</span> <span class='ocrx_word' id='word_1_268' title='bbox 517 3650 584 3694; x_wconf 89' lang='lat' dir='ltr'>note</span> <span class='ocrx_word' id='word_1_269' title='bbox 604 3657 641 3694; x_wconf 92' lang='lat' dir='ltr'>on</span> <span class='ocrx_word' id='word_1_270' title='bbox 662 3639 751 3693; x_wconf 89' lang='lat' dir='ltr'>Gaius</span> <span class='ocrx_word' id='word_1_271' title='bbox 772 3638 800 3694; x_wconf 90' lang='lat' dir='ltr'>ii.</span> <span class='ocrx_word' id='word_1_272' title='bbox 823 3651 879 3707; x_wconf 68' lang='lat'>179</span> <span class='ocrx_word' id='word_1_273' title='bbox 919 3639 962 3692; x_wconf 86' lang='lat' dir='ltr'>M.</span> <span class='ocrx_word' id='word_1_274' title='bbox 976 3638 1107 3693; x_wconf 83' lang='lat' dir='ltr'>Aurelius</span> <span class='ocrx_word' id='word_1_275' title='bbox 1129 3638 1250 3693; x_wconf 86' lang='lat' dir='ltr'>enacted</span> 
     </span>
     <span class='ocr_line' id='line_1_30' title="bbox 98 3721 1250 3792; baseline -0.003 -13"><span class='ocrx_word' id='word_1_276' title='bbox 98 3725 158 3779; x_wconf 85' lang='lat' dir='ltr'>that</span> <span class='ocrx_word' id='word_1_277' title='bbox 178 3724 249 3779; x_wconf 89' lang='lat' dir='ltr'>each</span> <span class='ocrx_word' id='word_1_278' title='bbox 271 3723 373 3778; x_wconf 88' lang='lat' dir='ltr'>should</span> <span class='ocrx_word' id='word_1_279' title='bbox 397 3724 433 3778; x_wconf 91' lang='lat' dir='ltr'>be</span> <span class='ocrx_word' id='word_1_280' title='bbox 458 3722 575 3792; x_wconf 90' lang='lat' dir='ltr'>implied</span> <span class='ocrx_word' id='word_1_281' title='bbox 594 3723 623 3776; x_wconf 93' lang='lat' dir='ltr'>in</span> <span class='ocrx_word' id='word_1_282' title='bbox 643 3723 692 3777; x_wconf 91' lang='lat' dir='ltr'>the</span> <span class='ocrx_word' id='word_1_283' title='bbox 712 3723 811 3777; x_wconf 87' lang='lat' dir='ltr'>other:</span> <span class='ocrx_word' id='word_1_284' title='bbox 837 3721 913 3776; x_wconf 89' lang='lat' dir='ltr'>‘iam</span> <span class='ocrx_word' id='word_1_285' title='bbox 936 3722 989 3776; x_wconf 91' lang='lat' dir='ltr'>hoc</span> <span class='ocrx_word' id='word_1_286' title='bbox 1012 3721 1070 3776; x_wconf 90' lang='lat' dir='ltr'>iure</span> <span class='ocrx_word' id='word_1_287' title='bbox 1090 3721 1194 3775; x_wconf 89' lang='lat' dir='ltr'>utimur</span> <span class='ocrx_word' id='word_1_288' title='bbox 1215 3738 1250 3775; x_wconf 90' lang='lat' dir='ltr'>ex</span> 
     </span>
     <span class='ocr_line' id='line_1_31' title="bbox 99 3804 1250 3876; baseline -0.002 -15"><span class='ocrx_word' id='word_1_289' title='bbox 99 3808 135 3861; x_wconf 90' lang='lat' dir='ltr'>D.</span> <span class='ocrx_word' id='word_1_290' title='bbox 151 3806 241 3862; x_wconf 87' lang='lat' dir='ltr'>Marci</span> <span class='ocrx_word' id='word_1_291' title='bbox 254 3816 283 3862; x_wconf 84' lang='lat' dir='ltr'>et</span> <span class='ocrx_word' id='word_1_292' title='bbox 297 3805 393 3862; x_wconf 89' lang='lat' dir='ltr'>Severi</span> <span class='ocrx_word' id='word_1_293' title='bbox 406 3805 615 3876; x_wconf 86' lang='lat' dir='ltr'>constitutione,</span> <span class='ocrx_word' id='word_1_294' title='bbox 626 3815 656 3860; x_wconf 94' lang='lat' dir='ltr'>ut</span> <span class='ocrx_word' id='word_1_295' title='bbox 669 3823 755 3876; x_wconf 90' lang='lat' dir='ltr'>quum</span> <span class='ocrx_word' id='word_1_296' title='bbox 768 3817 849 3875; x_wconf 88' lang='lat' dir='ltr'>pater</span> <span class='ocrx_word' id='word_1_297' title='bbox 866 3804 1004 3875; x_wconf 90' lang='lat' dir='ltr'>impuberi</span> <span class='ocrx_word' id='word_1_298' title='bbox 1019 3805 1075 3858; x_wconf 87' lang='lat' dir='ltr'>lilio</span> <span class='ocrx_word' id='word_1_299' title='bbox 1088 3804 1116 3858; x_wconf 89' lang='lat' dir='ltr'>in</span> <span class='ocrx_word' id='word_1_300' title='bbox 1130 3805 1250 3859; x_wconf 89' lang='lat' dir='ltr'>alterum</span> 
     </span>
     <span class='ocr_line' id='line_1_32' title="bbox 98 3887 1249 3960; baseline -0.004 -15"><span class='ocrx_word' id='word_1_301' title='bbox 98 3906 196 3945; x_wconf 80' lang='lat' dir='ltr'>casum</span> <span class='ocrx_word' id='word_1_302' title='bbox 205 3888 405 3958; x_wconf 83' lang='lat' dir='ltr'>substituisset,</span> <span class='ocrx_word' id='word_1_303' title='bbox 415 3889 444 3943; x_wconf 93' lang='lat' dir='ltr'>in</span> <span class='ocrx_word' id='word_1_304' title='bbox 454 3900 604 3960; x_wconf 87' lang='lat' dir='ltr'>utrumque</span> <span class='ocrx_word' id='word_1_305' title='bbox 614 3906 712 3944; x_wconf 91' lang='lat' dir='ltr'>casum</span> <span class='ocrx_word' id='word_1_306' title='bbox 721 3888 900 3949; x_wconf 88' lang='lat' dir='ltr'>substituisse</span> <span class='ocrx_word' id='word_1_307' title='bbox 910 3888 1095 3957; x_wconf 84' lang='lat' dir='ltr'>intellegatur,</span> <span class='ocrx_word' id='word_1_308' title='bbox 1104 3887 1163 3942; x_wconf 88' lang='lat' dir='ltr'>sive</span> <span class='ocrx_word' id='word_1_309' title='bbox 1177 3887 1249 3941; x_wconf 81' lang='lat' dir='ltr'>filius</span> 
     </span>
     <span class='ocr_line' id='line_1_33' title="bbox 97 3970 1182 4042; baseline -0.004 -15"><span class='ocrx_word' id='word_1_310' title='bbox 97 3972 180 4029; x_wconf 84' lang='lat' dir='ltr'>heres</span> <span class='ocrx_word' id='word_1_311' title='bbox 192 3989 251 4027; x_wconf 92' lang='lat' dir='ltr'>non</span> <span class='ocrx_word' id='word_1_312' title='bbox 263 3971 393 4040; x_wconf 81' lang='lat' dir='ltr'>extiterit,</span> <span class='ocrx_word' id='word_1_313' title='bbox 407 3971 466 4027; x_wconf 88' lang='lat' dir='ltr'>sive</span> <span class='ocrx_word' id='word_1_314' title='bbox 479 3972 601 4027; x_wconf 88' lang='lat' dir='ltr'>extiterit</span> <span class='ocrx_word' id='word_1_315' title='bbox 613 3982 642 4027; x_wconf 91' lang='lat' dir='ltr'>et</span> <span class='ocrx_word' id='word_1_316' title='bbox 655 3971 785 4042; x_wconf 86' lang='lat' dir='ltr'>impubes</span> <span class='ocrx_word' id='word_1_317' title='bbox 798 3970 968 4025; x_wconf 90' lang='lat' dir='ltr'>decesserit&#39;</span> <span class='ocrx_word' id='word_1_318' title='bbox 982 3970 1049 4040; x_wconf 86' lang='lat' dir='ltr'>Dig.</span> <span class='ocrx_word' id='word_1_319' title='bbox 1063 3971 1103 4024; x_wconf 90' lang='lat'>28.</span> <span class='ocrx_word' id='word_1_320' title='bbox 1117 3970 1143 4024; x_wconf 89' lang='lat'>6.</span> <span class='ocrx_word' id='word_1_321' title='bbox 1156 3985 1182 4035; x_wconf 85' lang='lat'>4.</span> 
     </span>
    </p>

    <p class='ocr_par' dir='ltr' id='par_1_7' title="bbox 97 4051 1250 4290">
     <span class='ocr_line' id='line_1_34' title="bbox 134 4051 1250 4126; baseline -0.004 -16"><span class='ocrx_word' id='word_1_322' title='bbox 134 4053 149 4126; x_wconf 84' lang='lat'><em>§</em></span> <span class='ocrx_word' id='word_1_323' title='bbox 162 4058 191 4111; x_wconf 80' lang='grc'>4.</span> <span class='ocrx_word' id='word_1_324' title='bbox 212 4055 242 4109; x_wconf 84' lang='lat' dir='ltr'>lt&#39;</span> <span class='ocrx_word' id='word_1_325' title='bbox 250 4055 271 4110; x_wconf 91' lang='lat' dir='ltr'>it</span> <span class='ocrx_word' id='word_1_326' title='bbox 283 4054 368 4110; x_wconf 93' lang='lat' dir='ltr'>could</span> <span class='ocrx_word' id='word_1_327' title='bbox 386 4055 422 4109; x_wconf 91' lang='lat' dir='ltr'>be</span> <span class='ocrx_word' id='word_1_328' title='bbox 440 4054 548 4124; x_wconf 88' lang='lat' dir='ltr'>proved</span> <span class='ocrx_word' id='word_1_329' title='bbox 567 4055 629 4109; x_wconf 88' lang='lat' dir='ltr'>that</span> <span class='ocrx_word' id='word_1_330' title='bbox 648 4054 696 4109; x_wconf 91' lang='lat' dir='ltr'>the</span> <span class='ocrx_word' id='word_1_331' title='bbox 715 4064 836 4108; x_wconf 89' lang='lat' dir='ltr'>testator</span> <span class='ocrx_word' id='word_1_332' title='bbox 847 4053 941 4107; x_wconf 89' lang='lat' dir='ltr'>would</span> <span class='ocrx_word' id='word_1_333' title='bbox 953 4062 1003 4107; x_wconf 91' lang='lat' dir='ltr'>not</span> <span class='ocrx_word' id='word_1_334' title='bbox 1016 4054 1089 4107; x_wconf 88' lang='lat' dir='ltr'>have</span> <span class='ocrx_word' id='word_1_335' title='bbox 1102 4051 1250 4107; x_wconf 88' lang='lat' dir='ltr'>instituted</span> 
     </span>
     <span class='ocr_line' id='line_1_35' title="bbox 97 4134 1249 4207; baseline -0.004 -13"><span class='ocrx_word' id='word_1_336' title='bbox 97 4139 147 4194; x_wconf 86' lang='lat' dir='ltr'>the</span> <span class='ocrx_word' id='word_1_337' title='bbox 163 4137 273 4193; x_wconf 85' lang='lat' dir='ltr'>alienus</span> <span class='ocrx_word' id='word_1_338' title='bbox 291 4154 398 4207; x_wconf 82' lang='lat' dir='ltr'>servus,</span> <span class='ocrx_word' id='word_1_339' title='bbox 415 4137 474 4192; x_wconf 87' lang='lat' dir='ltr'>had</span> <span class='ocrx_word' id='word_1_340' title='bbox 491 4138 529 4192; x_wconf 88' lang='lat' dir='ltr'>he</span> <span class='ocrx_word' id='word_1_341' title='bbox 547 4137 651 4191; x_wconf 90' lang='lat' dir='ltr'>known</span> <span class='ocrx_word' id='word_1_342' title='bbox 671 4136 715 4190; x_wconf 90' lang='lat' dir='ltr'>his</span> <span class='ocrx_word' id='word_1_343' title='bbox 737 4137 831 4191; x_wconf 90' lang='lat' dir='ltr'>actual</span> <span class='ocrx_word' id='word_1_344' title='bbox 853 4135 1007 4204; x_wconf 89' lang='lat' dir='ltr'>condition,</span> <span class='ocrx_word' id='word_1_345' title='bbox 1023 4137 1071 4190; x_wconf 91' lang='lat' dir='ltr'>the</span> <span class='ocrx_word' id='word_1_346' title='bbox 1090 4134 1249 4190; x_wconf 90' lang='lat' dir='ltr'>institution</span> 
     </span>
     <span class='ocr_line' id='line_1_36' title="bbox 97 4220 896 4290; baseline -0.004 -14"><span class='ocrx_word' id='word_1_347' title='bbox 97 4237 156 4277; x_wconf 80' lang='lat' dir='ltr'>was</span> <span class='ocrx_word' id='word_1_348' title='bbox 167 4220 242 4290; x_wconf 88' lang='lat' dir='ltr'>void,</span> <span class='ocrx_word' id='word_1_349' title='bbox 254 4221 313 4276; x_wconf 88' lang='lat' dir='ltr'>and</span> <span class='ocrx_word' id='word_1_350' title='bbox 325 4222 374 4276; x_wconf 88' lang='lat' dir='ltr'>the</span> <span class='ocrx_word' id='word_1_351' title='bbox 386 4220 537 4275; x_wconf 86' lang='lat' dir='ltr'>substitute</span> <span class='ocrx_word' id='word_1_352' title='bbox 549 4220 618 4275; x_wconf 89' lang='lat' dir='ltr'>took</span> <span class='ocrx_word' id='word_1_353' title='bbox 631 4221 675 4289; x_wconf 93' lang='lat' dir='ltr'>all,</span> <span class='ocrx_word' id='word_1_354' title='bbox 690 4220 761 4274; x_wconf 87' lang='lat' dir='ltr'>Cod.</span> <span class='ocrx_word' id='word_1_355' title='bbox 774 4220 801 4274; x_wconf 90' lang='lat'>6.</span> <span class='ocrx_word' id='word_1_356' title='bbox 814 4234 855 4286; x_wconf 84' lang='lat'>24</span> <span class='ocrx_word' id='word_1_357' title='bbox 870 4233 896 4286; x_wconf 87' lang='lat'>3.</span> 
     </span>
    </p>

    <p class='ocr_par' dir='ltr' id='par_1_8' title="bbox 97 4299 1250 4543">
     <span class='ocr_line' id='line_1_37' title="bbox 132 4299 1250 4375; baseline -0.004 -15"><span class='ocrx_word' id='word_1_358' title='bbox 132 4307 295 4360; x_wconf 66' lang='lat' dir='ltr'>&#39;ditm</span> <span class='ocrx_word' id='word_1_359' title='bbox 313 4302 484 4360; x_wconf 74' lang='lat' dir='ltr'>substitutio</span> <span class='ocrx_word' id='word_1_360' title='bbox 503 4302 657 4375; x_wconf 89' lang='lat' dir='ltr'>pupillaris,</span> <span class='ocrx_word' id='word_1_361' title='bbox 678 4303 734 4358; x_wconf 86' lang='lat' dir='ltr'>like</span> <span class='ocrx_word' id='word_1_362' title='bbox 756 4304 805 4358; x_wconf 90' lang='lat' dir='ltr'>the</span> <span class='ocrx_word' id='word_1_363' title='bbox 826 4301 900 4371; x_wconf 86' lang='lat' dir='ltr'>right</span> <span class='ocrx_word' id='word_1_364' title='bbox 926 4301 959 4355; x_wconf 83' lang='lat' dir='ltr'>oi</span> <span class='ocrx_word' id='word_1_365' title='bbox 974 4299 1141 4371; x_wconf 84' lang='lat' dir='ltr'>appointing</span> <span class='ocrx_word' id='word_1_366' title='bbox 1163 4310 1250 4355; x_wconf 89' lang='lat' dir='ltr'>testa-</span> 
     </span>
     <span class='ocr_line' id='line_1_38' title="bbox 97 4383 1249 4458; baseline -0.004 -15"><span class='ocrx_word' id='word_1_367' title='bbox 97 4397 228 4457; x_wconf 81' lang='lat' dir='ltr'>mentary</span> <span class='ocrx_word' id='word_1_368' title='bbox 242 4386 396 4458; x_wconf 81' lang='lat' dir='ltr'>guardians</span> <span class='ocrx_word' id='word_1_369' title='bbox 414 4397 446 4441; x_wconf 88' lang='lat' dir='ltr'>to</span> <span class='ocrx_word' id='word_1_370' title='bbox 463 4389 541 4443; x_wconf 87' lang='lat' dir='ltr'>one&#39;s</span> <span class='ocrx_word' id='word_1_371' title='bbox 560 4404 623 4440; x_wconf 89' lang='lat' dir='ltr'>own</span> <span class='ocrx_word' id='word_1_372' title='bbox 643 4385 813 4440; x_wconf 86' lang='lat' dir='ltr'>filiifamilias</span> <span class='ocrx_word' id='word_1_373' title='bbox 833 4385 923 4439; x_wconf 91' lang='lat' dir='ltr'>under</span> <span class='ocrx_word' id='word_1_374' title='bbox 934 4385 983 4438; x_wconf 91' lang='lat' dir='ltr'>the</span> <span class='ocrx_word' id='word_1_375' title='bbox 1002 4401 1055 4453; x_wconf 85' lang='lat' dir='ltr'>age</span> <span class='ocrx_word' id='word_1_376' title='bbox 1073 4383 1105 4438; x_wconf 85' lang='lat' dir='ltr'>oi</span> <span class='ocrx_word' id='word_1_377' title='bbox 1118 4384 1249 4454; x_wconf 83' lang='lat' dir='ltr'>puberty,</span> 
     </span>
     <span class='ocr_line' id='line_1_39' title="bbox 97 4467 1248 4543; baseline -0.005 -16"><span class='ocrx_word' id='word_1_378' title='bbox 97 4486 156 4527; x_wconf 75' lang='lat' dir='ltr'>vas</span> <span class='ocrx_word' id='word_1_379' title='bbox 167 4486 187 4526; x_wconf 79' lang='lat' dir='ltr'>a</span> <span class='ocrx_word' id='word_1_380' title='bbox 197 4488 267 4543; x_wconf 82' lang='lat' dir='ltr'>pure</span> <span class='ocrx_word' id='word_1_381' title='bbox 278 4480 411 4527; x_wconf 85' lang='lat' dir='ltr'>outcome</span> <span class='ocrx_word' id='word_1_382' title='bbox 422 4470 456 4527; x_wconf 82' lang='lat' dir='ltr'>of</span> <span class='ocrx_word' id='word_1_383' title='bbox 464 4470 557 4542; x_wconf 89' lang='lat' dir='ltr'>patria</span> <span class='ocrx_word' id='word_1_384' title='bbox 572 4479 708 4541; x_wconf 86' lang='lat' dir='ltr'>potestas,</span> <span class='ocrx_word' id='word_1_385' title='bbox 721 4469 787 4537; x_wconf 92' lang='lat' dir='ltr'>and,</span> <span class='ocrx_word' id='word_1_386' title='bbox 800 4485 832 4523; x_wconf 88' lang='lat' dir='ltr'>as</span> <span class='ocrx_word' id='word_1_387' title='bbox 844 4467 985 4539; x_wconf 86' lang='lat' dir='ltr'>Justinian</span> <span class='ocrx_word' id='word_1_388' title='bbox 998 4468 1062 4524; x_wconf 89' lang='lat' dir='ltr'>tells</span> <span class='ocrx_word' id='word_1_389' title='bbox 1074 4483 1108 4521; x_wconf 89' lang='lat' dir='ltr'>us</span> <span class='ocrx_word' id='word_1_390' title='bbox 1120 4468 1196 4534; x_wconf 86' lang='lat' dir='ltr'>here,</span> <span class='ocrx_word' id='word_1_391' title='bbox 1209 4483 1248 4522; x_wconf 90' lang='lat' dir='ltr'>an</span> 
     </span>
    </p>
   </div>
   <div class='ocr_carea' id='block_1_6' title="bbox 0 0 1498 5048">
    <p class='ocr_par' dir='ltr' id='par_1_9' title="bbox 0 0 1498 5048">
     <span class='ocr_line' id='line_1_40' title="bbox 0 0 1498 5048; baseline 0 1"><span class='ocrx_word' id='word_1_392' title='bbox 0 0 1498 5048; x_wconf 95' lang='lat' dir='ltr'> </span> 
     </span>
    </p>
   </div>
  </div>
 </body>
</html>
