2986 5048
166 336 230 422 548
366 340 468 398 INST
467 339 514 394 [Τ
516 339 570 397 UT
569 335 716 394 IONUM
731 335 851 392 LIBRI
868 335 1103 408 QUATTUOR.
1197 339 1262 405 [le.
1272 344 1318 394 iv.

164 508 256 573 cuius
276 527 321 571 ex
342 517 437 590 parte
458 526 509 570 res
527 512 588 580 est,
605 513 711 569 totam
734 521 809 567 eam
828 501 881 566 vel
899 502 1024 567 nlaiore
1043 523 1087 567 ex
1109 510 1204 586 parte
1221 523 1317 567 suam

164 632 237 677 esse
257 610 445 675 intenderit.
489 608 672 691 Tempore:
691 606 796 671 veluti
811 606 838 669 si
858 607 933 688 quis
955 616 1034 670 ante
1053 607 1143 671 diem
1164 607 1218 672 vel
1238 616 1318 671 ante

166 715 392 780 condicionem
417 712 557 795 petierit.
609 730 675 792 qua
702 710 830 774 ratione
861 710 949 773 enim
975 711 1033 791 qui
1059 710 1185 773 tardius
1209 709 1319 788 solvit,

164 838 266 900 quam
278 817 405 880 solvere
416 815 562 892 deberet,
575 813 683 876 minus
695 813 822 876 solvere
837 812 1047 894 intellegitur,
1060 814 1177 877 eadem
1190 813 1319 877 ratione

165 920 222 1003 qui
245 928 454 1002 praemature
473 918 559 1000 petit
579 915 654 998 plus
675 926 787 998 petere
801 917 941 980 videtur.
986 915 1078 980 Loco
1094 915 1169 998 plus
1186 917 1320 999 petitur,

164 1023 268 1088 veluti
284 1044 359 1087 cum
375 1023 448 1104 quis
463 1022 506 1100 id,
517 1021 607 1105 quod
623 1029 713 1084 certo
729 1019 803 1084 loco
818 1021 880 1084 sibi
894 1019 1070 1102 stipulatus
1086 1031 1146 1092 est,
1162 1021 1229 1085 alio
1243 1021 1320 1085 loeo

164 1127 250 1210 petit
275 1128 346 1190 sine
371 1125 687 1190 commemoratione
713 1123 800 1187 illius
825 1123 898 1202 loci,
924 1125 959 1187 in
983 1145 1050 1206 quo
1074 1125 1137 1188 sibi
1162 1124 1232 1187 dari
1259 1124 1319 1188 sti·

163 1229 299 1313 pulatus
328 1230 446 1293 fuerit:
476 1228 567 1292 verbi
598 1229 705 1311 gratia
734 1228 762 1291 si
791 1228 828 1306 is,
853 1229 910 1310 qui
941 1229 987 1292 ita
1016 1229 1192 1311 stipulatus
1220 1228 1320 1293 fuerit

165 1333 310 1415 ‘Ephesi
325 1334 405 1397 dare
425 1327 607 1414 spondesi’
640 1331 770 1394 Romae
789 1350 871 1413 pure
892 1332 1043 1397 intendat
1057 1333 1128 1396 dari
1144 1333 1206 1396 sibi
1221 1352 1320 1414 opor·

164 1447 245 1500 tere.
301 1436 377 1499 ideo
403 1445 516 1499 autem
543 1433 617 1516 plus
647 1443 761 1516 petere
791 1433 1001 1516 intellegitur,
1027 1436 1105 1517 quia
1130 1435 1320 1514 utilitatem,

165 1559 266 1622 quarn
293 1538 410 1603 habuit
435 1539 622 1620 promissor,
646 1538 674 1602 si
705 1536 831 1621 Ephesi
855 1538 1004 1614 solveret,
1032 1540 1150 1604 adimit
1177 1540 1207 1604 ei
1236 1559 1321 1621 pura

165 1643 366 1708 intentione:
389 1652 524 1725 propter
543 1663 642 1725 quam
663 1662 796 1706 causam
816 1643 881 1708 alio
905 1642 977 1707 loco
1000 1644 1127 1726 petenti
1147 1645 1320 1707 arbitraria

165 1749 253 1813 actio
275 1747 477 1830 proponitur,
500 1747 533 1809 in
554 1768 620 1829 qua
640 1746 764 1812 scilicet
785 1747 870 1811 ratio
892 1747 1034 1812 habetur
1053 1748 1216 1823 utilitatis,
1231 1768 1320 1831 quae

165 1850 355 1936 promissori
382 1849 602 1932 competitura
628 1849 752 1929 fuisset,
779 1852 807 1914 si
837 1851 894 1915 illo
925 1850 998 1916 loco
1028 1851 1179 1916 solveret.
1232 1871 1320 1933 quae

166 1954 292 2019 utilitas
312 1952 507 2036 plerumque
526 1953 559 2016 in
581 1955 745 2017 mercibus
764 1955 912 2018 maxima
932 1954 1104 2033 invenitur,
1118 1954 1221 2018 veluti
1241 1955 1319 2019 vino

166 2058 242 2121 oleo
272 2056 446 2132 frumento,
477 2076 562 2138 quae
591 2077 651 2140 per
680 2057 827 2139 singulas
857 2059 1006 2141 regiones
1035 2058 1164 2122 diversa
1193 2057 1319 2121 habent

165 2161 291 2244 pretia:
314 2159 423 2222 sedet
442 2160 600 2241 pecuniae
616 2171 807 2225 numeratae
827 2182 893 2225 non
909 2162 941 2224 in
957 2161 1110 2225 omnibus
1131 2161 1320 2244 regionibus

167 2265 230 2331 sub
251 2263 356 2329 isdem
375 2263 479 2326 usuris
499 2262 698 2329 fenerantur.
743 2264 864 2348 siquis
882 2274 996 2329 tamen
1018 2265 1143 2347 Ephesi
1163 2275 1266 2349 petat,
1283 2265 1319 2329 id

168 2377 220 2432 est
235 2387 275 2430 eo
291 2366 363 2430 loco
378 2375 480 2448 petat,
495 2388 561 2449 quo
578 2378 614 2432 ut
629 2368 691 2431 sibi
706 2368 804 2432 detur
818 2367 993 2451 stipulatus
1013 2379 1074 2444 est,
1089 2388 1171 2450 pura
1187 2369 1319 2431 actione

168 2480 257 2534 recte
271 2470 358 2553 agit:
381 2469 481 2552 idque
496 2472 598 2534 etiarn
619 2483 751 2554 praetor
767 2480 937 2546 monstrat,
954 2472 1079 2536 scilicet
1097 2472 1174 2554 quia
1193 2471 1320 2536 utilitas

169 2573 318 2639 solvendi
344 2572 436 2636 salva
462 2583 513 2639 est
538 2575 739 2656 promissori.
795 2575 885 2641 Huic
912 2585 1033 2655 autem,
1064 2577 1121 2658 qui
1143 2575 1217 2639 loco
1242 2574 1319 2658 plus

167 2688 280 2761 petere
302 2675 513 2778 intellegitur,
535 2678 707 2759 proximus
731 2688 782 2744 est
808 2679 835 2743 is
858 2680 914 2761 qui
938 2699 1037 2743 causa
1058 2678 1132 2761 plus
1155 2679 1257 2760 petit:
1282 2687 1320 2744 ut

168 2948 253 3004 made
263 2947 291 3001 in
301 2946 392 3003 either
400 2948 448 3002 the
457 2946 584 3015 intentio,
593 2949 955 3017 thecondemnatio,ortbe
964 2950 1177 3005 demonstratio.
1200 2952 1225 3006 lt
1234 2950 1320 3006 could

167 3048 254 3087 occur
266 3031 295 3086 in
313 3032 362 3086 the
381 3031 501 3086 intentio
520 3033 587 3101 only
600 3034 692 3088 where
711 3034 732 3088 it
746 3051 803 3088 was
816 3043 894 3088 certa
908 3033 977 3102 (eg.
990 3033 1013 3087 si
1027 3042 1147 3103 paret..
1162 3075 1169 3089 .
1182 3034 1321 3105 quinqua·

168 3115 248 3184 ginta
261 3132 361 3170 aureos
374 3114 442 3169 dare
455 3125 593 3185 oportere,
604 3118 685 3170 when
698 3117 746 3171 the
759 3117 914 3172 defendant
928 3117 1017 3185 really
1029 3117 1108 3171 owed
1122 3134 1139 3171 a
1152 3118 1208 3170 less
1221 3118 1298 3185 sum)
1311 3135 1319 3184 ς

169 3199 227 3254 and
241 3199 307 3253 here
324 3197 360 3253 its
378 3199 465 3253 result
478 3216 535 3254 was
553 3200 615 3254 that
634 3201 683 3255 the
699 3200 794 3271 judge,
808 3200 916 3269 finding
933 3201 981 3254 the
998 3199 1107 3269 precise
1119 3218 1182 3254 sum
1195 3200 1320 3257 claimed

169 3298 228 3336 was
248 3292 297 3336 not
320 3281 348 3336 in
370 3282 426 3336 fact
447 3281 535 3351 owed,
557 3299 615 3338 was
634 3283 732 3338 bound
754 3293 784 3337 to
806 3283 921 3338 absolve
942 3284 992 3337 the
1013 3282 1175 3351 defendant,
1194 3285 1252 3338 and
1270 3286 1321 3341 the

169 3365 316 3435 plaintiff's
334 3364 408 3433 right
426 3366 459 3419 of
471 3365 565 3420 action
583 3382 640 3420 was
658 3366 777 3434 thereby
789 3366 963 3435 irrevocably
975 3382 1057 3435 gone,
1070 3367 1192 3421 because
1209 3369 1258 3423 the
1274 3385 1322 3423 res

170 3447 228 3502 had
240 3448 313 3503 been
327 3447 354 3501 in
372 3447 507 3503 iudicium
520 3449 651 3516 deducta,
664 3450 722 3504 and
739 3449 830 3505 either
841 3450 877 3504 he
894 3450 978 3504 could
994 3459 1044 3504 not
1061 3467 1112 3504 sue
1130 3451 1213 3520 again
1227 3462 1256 3506 at
1274 3454 1321 3521 all,

169 3547 209 3598 or,
220 3529 243 3584 if
252 3531 289 3584 he
299 3530 391 3596 could,
400 3531 449 3586 the
459 3531 614 3587 defendant
624 3533 708 3587 could
720 3533 798 3602 repel
810 3532 870 3586 him
878 3533 917 3602 by
926 3533 975 3586 the
985 3533 1165 3605 exceptioffrei
1179 3533 1321 3593 iudicatae

169 3630 202 3668 or
213 3613 243 3668 in
262 3613 397 3668 iudicium
416 3614 563 3683 deductae,
577 3614 667 3670 Gaius
680 3615 716 3671 iv.
734 3615 800 3669 106:
820 3616 856 3669 cf.
868 3615 927 3670 Cic.
937 3616 974 3671 de
992 3615 1098 3670 invent.
1113 3631 1182 3685 2.19
1199 3617 1255 3672 ‘ita
1275 3618 1320 3672 ius

170 3696 252 3751 civile
270 3697 409 3753 habemus
428 3697 621 3766 constitutum,
635 3708 665 3753 ut
684 3716 772 3753 causa
786 3699 870 3753 cadat
888 3698 922 3765 is,
934 3699 981 3769 qui
998 3715 1064 3765 non,
1077 3700 1320 3769 quemadmodum

170 3789 290 3849 oportet,
303 3779 392 3849 egerit
404 3781 426 3833 :'
444 3780 550 3835 cf'Tit.
567 3796 577 3835 r
582 3796 607 3849 3.
624 3797 656 3835 10
669 3781 715 3835 inf.
756 3782 784 3834 lf
794 3783 873 3836 there
885 3798 943 3835 was
960 3782 1023 3851 plus
1040 3782 1139 3852 petitio
1152 3782 1180 3836 in
1193 3784 1241 3838 the
1254 3801 1322 3839 con·

170 3862 315 3917 demunt-io
329 3864 363 3932 (e
369 3880 396 3932 g.
409 3863 432 3917 si
446 3873 526 3933 paret
546 3864 646 3919 decem
663 3865 732 3941 dare
749 3876 888 3936 oportere,
902 3864 986 3919 iudex
998 3865 1097 3934 viginti
1117 3867 1321 3938 condemnato)

170 3945 285 4013 nobody
298 3947 381 4000 could
395 3947 480 4000 suffer
492 3948 541 4002 but
555 3949 604 4003 tbe
617 3949 780 4014 defendant,
793 3950 856 4003 who
871 3949 974 4003 should
991 3949 1063 4003 hnve
1078 3951 1164 4004 taken
1177 3967 1242 4005 care
1258 3954 1321 4008 that

170 4028 219 4083 the
232 4045 294 4082 sum
312 4029 448 4098 specitied
465 4029 493 4083 in
506 4031 555 4086 the
571 4032 643 4086 later
658 4031 708 4086 did
724 4043 773 4087 not
790 4032 897 4087 exceed
908 4032 969 4086 that
986 4031 1015 4085 in
1031 4032 1080 4087 the
1096 4033 1197 4088 earlier
1212 4045 1275 4104 part
1293 4039 1323 4090 ot

169 4113 219 4168 the
237 4112 376 4178 formula;
394 4112 444 4167 but
463 4113 500 4167 he
518 4114 603 4168 could
622 4123 670 4183 get
692 4114 809 4170 himself
824 4114 852 4169 in
872 4115 1012 4185 integrum
1030 4116 1175 4171 restitutus
1195 4117 1253 4172 and
1272 4119 1322 4175 the

169 4193 290 4248 formula
304 4194 433 4251 rectified
451 4196 549 4264 hythe
568 4208 681 4267 praetor
698 4208 728 4252 at
746 4215 804 4266 any
815 4197 884 4253 time
900 4198 998 4252 before
1008 4197 1166 4269 judgment‚
1180 4201 1270 4255 Gaius
1283 4200 1319 4256 iv.

172 4287 212 4346 57.
234 4277 393 4332 Owerclaim
403 4278 432 4332 in
443 4279 491 4333 the
501 4280 705 4335 demonstratio
713 4281 823 4351 injured
832 4298 870 4336 no
879 4298 934 4336 one
945 4281 965 4349 (ί
972 4291 1000 4336 et
1008 4282 1063 4336 hoc
1070 4292 1114 4337 est
1123 4283 1200 4354 quod
1210 4284 1321 4354 dicitur,

170 4358 243 4413 falsa
261 4359 502 4415 demonstratione
521 4379 581 4417 rem
599 4380 657 4417 non
676 4364 775 4433 perimi
786 4366 793 4392 '
805 4365 894 4419 Gaius
908 4364 944 4418 iv.
954 4365 1017 4433 58);
1036 4370 1085 4421 the
1100 4366 1221 4423 mistake
1236 4368 1322 4423 could

170 4441 206 4498 be
220 4443 364 4498 corrected
376 4443 415 4514 by
427 4445 475 4500 the
488 4443 572 4500 iudex
585 4444 701 4501 without
714 4448 763 4502 the
776 4447 918 4518 necessity
930 4448 963 4503 of
976 4465 1032 4519 any
1044 4448 1216 4519 application
1229 4460 1260 4506 to
1271 4451 1321 4511 the
