2986 5048
108 366 221 434 rima]
291 363 447 437 oureus
468 362 605 419 Moors
624 362 851 419 OBLIGATIO
878 361 1091 419 rotamur.
1192 365 1254 432 451

108 531 235 595 tionem
255 550 353 612 posse
371 528 445 592 aliis
459 527 567 592 verbis
582 526 715 592 dissolvi
729 551 736 590 :
762 529 822 592 sed
838 528 881 603 id,
902 527 993 609 quod
1014 546 1060 590 ex
1077 525 1143 589 alia
1158 545 1257 590 causa

108 634 259 712 debetur,
274 642 385 716 potest
401 633 433 694 in
448 630 696 713 stipulationem
711 633 829 696 deduci
845 642 880 696 et
894 651 954 714 per
968 630 1256 712 acceptilationem

108 738 252 803 dissolvi.
286 738 371 801 sicut
393 744 505 799 autem
527 735 617 816 quod
639 735 778 799 debetur
799 756 859 818 pro
882 745 977 816 parte
997 744 1087 799 recte
1109 734 1256 806 solvitur,

108 843 156 907 ita
178 842 211 905 in
236 851 364 923 partem
394 838 499 903 debiti
524 838 734 919 acceptilatio
760 838 830 902 fieri
859 849 980 921 potest.
1036 839 1099 903 Est
1124 837 1288 920 prodita2

109 944 288 1029 stipulatio,
310 963 395 1026 quae
410 942 510 1025 vulgo
530 942 712 1024 Aquiliana
729 941 923 1025 appellatur,
948 962 1007 1024 pet
1028 961 1130 1024 quam
1153 941 1258 1045 stipu-

109 1048 267 1128 lationem
287 1046 458 1130 contingit,
475 1056 511 1110 ut
534 1046 681 1108 omnium
703 1065 810 1108 rerum
826 1045 986 1128 obligatio
1004 1047 1038 1108 in
1060 1044 1256 1127 stipulatum

110 1153 292 1218 deducatur
307 1160 341 1216 et
362 1172 401 1215 ea
421 1170 480 1233 per
493 1149 779 1232 acceptilationem
799 1150 945 1214 tollatur.
984 1150 1153 1233 stipulatio
1169 1150 1257 1213 enirn

110 1255 290 1339 Aquiliana
317 1265 416 1318 novat
443 1273 558 1317 omncs
582 1253 799 1334 obligationes
826 1264 860 1318 et
885 1274 906 1317 a
931 1252 1029 1317 Gallo
1051 1253 1189 1337 Aquilio
1211 1253 1259 1316 ita

110 1360 296 1442 composita
312 1367 382 1422 est:
407 1357 585 1440 ‘quidquid
607 1367 641 1420 te
662 1358 741 1420 mihi
760 1378 805 1421 ex
829 1378 1039 1439 quacumque
1058 1377 1158 1422 causa
1179 1357 1259 1421 dare

108 1463 217 1527 iacere
232 1471 362 1544 oportet
377 1461 543 1543 oportebit
557 1481 713 1543 praesens
729 1462 762 1524 in
783 1463 913 1525 diemve
929 1481 1135 1543 quarumque
1151 1480 1258 1524 rerum

111 1566 192 1630 mihi
210 1577 320 1631 tecum
339 1566 428 1630 actio
450 1585 602 1647 quaeque
623 1565 684 1628 abs
705 1574 738 1628 te
759 1565 875 1647 petitio
890 1564 943 1627 vel
964 1565 1121 1628 adversus
1136 1574 1171 1629 te
1186 1583 1259 1644 pcr-

110 1669 236 1734 secutio
252 1679 302 1734 est
317 1671 378 1734 erit
392 1670 547 1751 quodque
570 1677 607 1731 tu
631 1689 741 1732 meum
760 1668 863 1731 habes
879 1679 972 1733 tenes
990 1669 1139 1750 possides
1155 1669 1259 1750 possi·

111 1775 247 1838 deresvc
273 1772 392 1837 dolove
423 1772 511 1836 malo
538 1771 655 1847 iecisti,
685 1793 752 1855 quo
779 1773 887 1835 minus
916 1773 1107 1855 possideas:
1145 1771 1260 1853 quanti

111 1897 263 1959 quaeque
283 1896 396 1940 earum
419 1895 527 1939 rerum
549 1896 599 1938 res
622 1877 692 1954 erit,
713 1885 843 1939 tantam
865 1877 1039 1957 pecuniam
1061 1875 1133 1939 dari
1156 1875 1259 1955 stipu-

111 1979 199 2044 latus
214 1988 264 2042 est
279 1978 389 2042 Aulus
404 1978 558 2062 Agerius,
570 1980 750 2062 spopondit
766 1981 944 2045 Numerius
961 1977 1140 2064 Negidius.'
1179 1980 1260 2042 item

113 2105 132 2147 e
154 2084 282 2148 diverso
305 2085 482 2147 Numerius
508 2084 672 2166 Negidius
691 2086 904 2167 interrogavit
927 2084 1055 2148 Aulum
1077 2084 1258 2166 Agerium:

113 2185 291 2269 ‘quidquid
321 2186 382 2251 tibi
411 2186 571 2251 hodierno
597 2188 652 2252 die
681 2208 742 2271 per
766 2187 982 2271 Aquilianam
1012 2188 1260 2272 stipulationem

112 2291 285 2373 spopondi,
315 2291 349 2355 id
382 2311 481 2355 omne
510 2291 656 2355 habesne
686 2290 904 2375 acceptuml'
950 2293 1120 2376 respondit
1149 2290 1259 2356 Aulus

114 2560 286 2632 stipulation‚
304 2561 427 2631 perhaps
446 2561 597 2631 employed
615 2562 658 2615 sor
676 2560 821 2630 security's
839 2561 908 2615 sake
927 2577 998 2615 even
1017 2561 1109 2616 where
1128 2561 1176 2614 the
1193 2560 1260 2616 debt

114 2662 172 2699 was
189 2644 337 2700 otherwise
355 2644 525 2714 discharged
543 2646 577 2713 (e
586 2662 614 2714 g.
627 2644 665 2712 by
681 2642 836 2714 payment),
854 2643 910 2697 and
929 2653 978 2698 not
997 2645 1064 2712 only
1077 2645 1119 2711 (as
1139 2644 1187 2698 the
1203 2653 1261 2698 text

114 2728 257 2798 suggests)
271 2729 352 2782 when
365 2745 383 2784 a
395 2729 551 2798 gratuitous
567 2729 676 2782 release
692 2744 749 2781 was
766 2726 910 2782 intended.
949 2727 989 2781 Its
1007 2725 1215 2796 specialisation
1233 2737 1262 2780 to

114 2811 163 2866 the
181 2811 334 2866 extinction
354 2811 386 2866 oi
400 2811 570 2888 obligations
589 2810 719 2865 incurred
738 2809 831 2864 verbis
853 2809 877 2864 is
899 2808 1013 2863 alluded
1031 2820 1061 2863 to
1079 2809 1108 2863 in
1127 2810 1263 2877 Terence,

114 2894 238 2965 Adelph.
254 2909 278 2950 2.
300 2909 321 2950 1.
343 2911 375 2949 10
393 2894 500 2966 ‘neque
518 2905 548 2949 tu
570 2894 664 2948 verbis
686 2895 779 2948 solves
799 2909 932 2963 unquam,
951 2892 1028 2963 quod
1049 2891 1118 2946 mihi
1136 2909 1167 2946 re
1185 2894 1259 2947 male

114 2978 232 3034 seceris:
268 2979 406 3033 Whetber
418 2996 455 3033 an
474 2976 653 3048 acceptilatio
670 2975 698 3029 in
718 2986 827 3045 partem
844 2975 931 3030 debiti
950 2993 1006 3030 was
1020 2974 1095 3029 valid
1113 2975 1170 3029 had
1188 2975 1261 3031 been

115 3060 249 3131 disputed
266 3063 294 3117 in
308 3062 406 3117 Gaius'
417 3061 494 3128 time,
507 3060 544 3115 iii.
562 3073 620 3126 172.
655 3059 818 3130 Justinian's
838 3069 989 3114 statement
1008 3058 1041 3112 oi
1055 3059 1102 3112 the
1121 3060 1174 3113 law
1186 3069 1261 3112 must

115 3144 153 3199 be
172 3145 258 3200 taken
277 3146 385 3216 subject
404 3155 435 3200 to
456 3145 504 3199 the
524 3143 687 3198 distinction
706 3143 802 3197 drawn
821 3142 859 3212 by
879 3142 1003 3212 Ulpian:
1024 3140 1063 3197 ‘si
1083 3141 1120 3210 id,
1138 3142 1214 3212 quod
1235 3141 1263 3196 in

116 3228 327 3299 stipulationem
352 3228 505 3283 deductum
529 3236 582 3295 est,
607 3225 774 3280 divisionem
799 3243 856 3280 non
877 3225 1003 3295 recipiat,
1028 3224 1207 3294 acceptilatio
1231 3224 1260 3278 in

116 3321 227 3381 partem
245 3310 347 3365 nullius
366 3309 418 3365 erit
437 3309 582 3377 momenti,
596 3319 625 3363 ut
644 3318 713 3378 puta
731 3308 755 3362 si
775 3307 894 3363 servitus
913 3308 963 3362 suit
983 3307 1090 3377 praedii
1105 3307 1201 3362 rustici
1219 3310 1264 3362 vel

116 3393 225 3449 urbani.
264 3395 351 3449 Plane
370 3393 394 3448 si
412 3393 586 3448 ususfructus
604 3391 640 3446 sit
657 3392 685 3446 in
705 3391 916 3461 stipulationem
935 3391 1082 3459 deductus,
1098 3401 1167 3461 puta
1184 3391 1263 3446 tundi

117 3476 231 3544 Titiani,
250 3476 352 3546 poterit
371 3492 422 3546 pro
441 3484 521 3546 parte
540 3474 718 3545 acceptilatio
738 3474 796 3528 lieri
814 3485 842 3530 et
860 3474 913 3530 erit
931 3473 1061 3529 residuae
1079 3473 1167 3543 partis
1186 3473 1263 3527 tundi

116 3559 310 3615 ususfructus:
345 3559 369 3614 si
394 3570 490 3614 tamen
515 3558 591 3612 viam
620 3557 683 3628 quis
707 3557 857 3627 stipulatus
882 3569 1000 3628 accepto
1024 3556 1077 3611 iter
1101 3557 1145 3610 vel
1169 3567 1265 3612 actum

116 3641 223 3710 fecerit,
239 3641 419 3712 acceptilatio
437 3641 541 3696 nullius
559 3640 611 3696 erit
630 3639 782 3695 momenti'
801 3640 865 3710 Dig.
880 3640 922 3706 46.
936 3656 962 3707 4.
979 3655 1016 3707 13.
1035 3654 1055 3695 1.
1093 3640 1155 3694 The
1172 3639 1264 3694 words

117 3724 164 3780 ‘ut
177 3725 313 3780 diximus'
325 3724 353 3781 in
366 3724 423 3779 this
436 3724 544 3780 section
557 3742 605 3779 are
618 3724 703 3779 taken
717 3722 788 3777 srom
802 3723 890 3777 Gaius
904 3723 941 3777 iii.
959 3736 1016 3790 170,
1028 3722 1085 3776 and
1099 3724 1265 3792 apparently

117 3808 191 3864 refer
203 3819 233 3863 to
245 3825 324 3863 some
343 3825 464 3879 passage
481 3808 510 3862 in
527 3806 571 3862 his
593 3807 739 3862 Institutes
752 3806 843 3862 which
856 3807 908 3861 has
924 3816 974 3861 not
991 3822 1073 3860 come
1086 3805 1168 3860 down
1181 3816 1211 3861 to
1224 3823 1265 3874 us,

117 3908 151 3946 or
163 3893 284 3962 perhaps
297 3901 327 3946 to
340 3907 395 3946 one
407 3891 440 3945 of
448 3891 492 3946 his
505 3892 586 3946 other
598 3891 697 3946 works.

155 3973 272 4044 §ms
291 3975 314 4028 is
334 3974 396 4028 said
414 3974 443 4029 in
462 3975 511 4030 the
529 3973 682 4044 preceding
700 3973 816 4040 section,
829 3990 848 4026 a
865 3972 933 4028 debt
952 3971 1081 4027 incurred
1094 3971 1123 4026 in
1136 3990 1193 4042 any
1205 3990 1267 4042 way

119 4059 294 4113 whatsoever
307 4057 391 4112 could
403 4058 439 4112 be
452 4057 641 4112 transformed
653 4057 692 4126 by
704 4056 817 4111 novatio
831 4055 890 4110 into
903 4073 921 4110 a
933 4055 1028 4109 verbal
1041 4054 1196 4124 obligation
1208 4057 1267 4110 and

118 4140 187 4196 then
205 4141 334 4196 released
352 4141 390 4209 by
402 4140 589 4210 acceptilatio.
626 4142 671 4194 To
690 4140 788 4194 Gallus
801 4138 931 4210 Aquilius
945 4139 1023 4206 (note
1035 4155 1072 4192 on
1086 4139 1137 4193 Bk
1152 4137 1179 4193 ii.
1196 4152 1235 4206 13.
1253 4120 1278 4192 tl

119 4224 206 4293 supr.)
220 4236 294 4279 must
308 4224 344 4278 be
357 4223 489 4279 awarded
507 4224 555 4279 the
574 4222 656 4277 merit
669 4222 702 4277 os
715 4222 821 4292 having
833 4221 950 4277 devised
963 4238 981 4276 a
992 4221 1112 4275 formula
1124 4221 1162 4290 by
1175 4220 1279 4274 which·-

119 4307 158 4361 all
179 4305 349 4377 obligations
369 4305 397 4360 in
422 4306 514 4362 which
539 4322 596 4361 one
615 4305 673 4361 and
695 4307 743 4360 the
765 4323 845 4361 same
868 4321 972 4376 person
997 4320 1055 4357 was
1078 4303 1188 4373 debtor,
1210 4304 1284 4381 and,

119 4388 239 4444 another
257 4388 315 4444 and
333 4389 382 4444 the
400 4406 480 4445 same
498 4388 627 4457 creditor,
641 4388 725 4443 could
743 4389 779 4443 be
798 4388 950 4444 embraced
964 4386 1022 4441 ina
1040 4384 1131 4456 single
1143 4385 1267 4455 novatio,
1282 4392 1288 4427 ¹

119 4470 179 4529 and
188 4472 305 4544 thereby
315 4472 352 4528 be
364 4472 518 4530 converted
530 4471 590 4529 into
602 4489 620 4528 a
632 4471 723 4541 single
735 4471 899 4544 obligation,
909 4469 1001 4526 which
1011 4468 1094 4526 could
1104 4470 1181 4541 then,
1194 4468 1268 4529 itre-

647 4572 745 4644 oga
