2986 5048
132 396 181 446 nn.
193 389 229 460 ,n
499 387 560 442 ue
580 388 695 443 LEGE
715 387 903 458 neuram.
1215 393 1278 463 517

130 555 253 636 poterit
276 551 347 617 sola
370 553 456 634 rupti
479 552 659 635 appellatio
683 553 715 615 in
736 573 852 616 omnes
872 554 952 617 istas
973 571 1088 615 causas
1111 551 1277 616 sufficere:

130 668 265 739 ruptum
281 657 367 720 enim
384 655 592 737 intellegitur,
608 677 742 738 quoquo
764 657 864 719 modo
879 666 1068 737 corruptum
1087 665 1146 719 est.
1191 657 1279 720 unde

130 780 196 824 non
216 760 324 824 solum
340 770 414 823 usta
434 769 491 822 aut
506 759 618 836 fracta,
634 761 693 823 sed
709 759 809 823 etiam
825 761 924 823 scissa
943 771 976 824 et
994 758 1107 823 collisa
1122 752 1156 822 e't
1175 759 1279 823 eflusa

130 873 163 928 et
186 884 320 945 quoquo
345 864 446 926 modo
468 873 640 945 perempta
664 873 765 945 atque
788 863 951 927 deteriora
977 863 1065 927 lacta
1091 860 1154 926 hoc
1177 862 1278 925 verbo

129 968 354 1031 continentur:
376 967 520 1048 denique
538 987 732 1048 responsum
749 975 809 1042 est,
825 967 853 1029 si
868 967 941 1048 quis
957 967 989 1028 in
1004 965 1149 1028 alienum
1164 966 1278 1028 vinum

129 1080 187 1134 aut
201 1070 312 1134 oleum
328 1072 361 1134 id
378 1071 557 1143 immiserit,
573 1090 640 1151 quo
657 1070 814 1133 naturalis
828 1070 959 1133 bonitas
974 1069 1040 1132 vini
1055 1067 1107 1132 vel
1127 1067 1191 1132 olei
1207 1089 1278 1132 cor·

129 1186 342 1256 rumperetur,
363 1195 407 1237 ex
425 1172 487 1237 hac
509 1183 601 1256 parte
622 1173 705 1254 legis
725 1193 801 1236 eum
820 1174 934 1239 teneri.
980 1171 1066 1235 Illud
1085 1171 1196 1254 palam
1218 1182 1277 1251 est,
1292 1180 1326 1234 14

128 1278 212 1342 sicut
233 1299 276 1341 ex
296 1279 402 1360 primo
423 1278 532 1359 capite
552 1279 599 1340 ita
617 1276 754 1340 demum
769 1278 909 1359 quisque
924 1286 1064 1349 tenetur,
1081 1276 1108 1337 si
1126 1275 1204 1338 dolo
1219 1286 1278 1340 aut

128 1380 226 1463 culpa
241 1383 311 1445 eius
330 1381 433 1445 homo
455 1391 513 1444 aut
534 1382 723 1462 quadrupes
743 1382 869 1444 occisus
885 1380 1032 1444 occisave
1048 1378 1155 1453 luerit,
1171 1378 1217 1442 ita
1233 1397 1278 1442 ex

126 1484 190 1548 hoc
206 1487 315 1567 capite
331 1506 375 1548 ex
391 1483 469 1547 dolo
484 1493 541 1548 aut
557 1484 653 1566 culpa
669 1485 711 1548 de
726 1493 836 1548 cetero
847 1484 969 1547 damno
981 1503 1146 1565 quemque
1162 1483 1276 1545 teneri.

128 1586 190 1651 hoc
207 1597 319 1651 tamen
335 1589 444 1669 capite
460 1608 524 1650 non
540 1589 655 1669 quanti
672 1589 704 1650 in
728 1608 768 1650 eo
791 1608 887 1666 anno,
904 1589 963 1651 sed
979 1587 1093 1669 quanti
1111 1587 1143 1647 in
1159 1585 1276 1650 diebus

127 1693 262 1773 triginta
280 1692 441 1773 proximis
460 1711 511 1753 res
529 1690 634 1768 luerit,
649 1691 815 1773 obligatur
832 1691 860 1755 is
880 1692 936 1774 qui
956 1691 1116 1754 damnum
1136 1689 1275 1753 dederit.

127 1794 181 1858 Ac
206 1816 247 1858 ne
269 1794 402 1878 plurimi
425 1795 559 1877 quidem
585 1795 722 1858 verbum
747 1795 894 1860 adicitur.
949 1794 1007 1858 sed
1036 1792 1161 1858 Sabino
1188 1803 1277 1857 recte
1291 1799 1324 1855 15

126 1898 250 1980 placuit
280 1898 416 1980 perinde
443 1897 632 1961 habendam
656 1900 931 1975 aestimationem,
958 1918 998 1961 ac
1028 1898 1054 1960 si
1080 1897 1180 1960 etiam
1214 1895 1275 1961 hac

127 2011 221 2083 parte
231 2001 361 2083 plurimi
371 2001 509 2065 verbum
519 2002 686 2065 adiectum
697 2003 826 2067 luisset:
846 2023 922 2065 nam
933 2001 1064 2085 plebem
1077 2000 1275 2079 Romanam,

127 2126 212 2187 quae
221 2104 360 2187 Aquilio
370 2104 502 2169 tribuno
511 2115 648 2187 rogante
658 2104 742 2170 hanc
752 2107 860 2189 legem
870 2105 955 2181 tulit,
966 2113 1155 2170 contentam
1166 2103 1275 2181 luisse,

127 2209 215 2291 quod
232 2210 338 2290 prima
354 2218 448 2290 parte
464 2229 504 2272 eo
519 2209 620 2272 verbo
640 2230 698 2272 usa
717 2221 775 2274 est.

170 2311 325 2375 Ceterum
348 2311 471 2395 placuit
492 2313 539 2376 ita
561 2314 696 2376 demum
717 2335 761 2377 ex
781 2313 843 2377 hac
866 2314 940 2396 lege
962 2313 1126 2378 actionem
1150 2331 1230 2384 esse,
1247 2310 1273 2375 si
1290 2325 1323 2380 16

125 2415 199 2496 quis
215 2416 389 2498 praecipue
404 2436 539 2498 corpore
555 2436 615 2479 suo
631 2417 790 2480 damnum
802 2418 941 2481 dederit.
983 2417 1123 2498 ideoque
1139 2416 1172 2478 in
1189 2434 1273 2490 eum,

125 2520 181 2601 qui
204 2521 270 2582 alio
293 2519 394 2582 modo
418 2520 577 2582 damnum
600 2520 739 2597 dederit,
761 2520 858 2584 utiles
883 2521 1031 2584 actiones
1054 2519 1125 2582 dari
1148 2518 1273 2581 solent:

125 2623 227 2687 veluti
251 2624 279 2686 si
303 2623 376 2704 quis
400 2622 569 2686 hominem
595 2623 739 2688 alienum
762 2635 820 2687 aut
843 2644 943 2706 pecus
970 2624 1016 2688 ita
1040 2621 1214 2699 incluserit,
1238 2630 1275 2685 ut

125 2725 213 2789 same
244 2737 421 2805 necaretur,
451 2737 510 2790 aut
540 2729 724 2791 iumentum
755 2738 825 2791 tam
856 2726 1069 2790 vehementer
1099 2725 1210 2807 egerit,
1238 2732 1275 2787 ut

125 2839 339 2912 rumperetur,
370 2840 427 2893 aut
463 2851 563 2911 pecus
593 2830 625 2892 in
656 2840 786 2895 tantum
822 2830 1051 2912 exagitaverit,
1083 2836 1118 2891 ut
1148 2828 1273 2910 praeci-

124 2934 291 3014 pitaretur,
307 2942 365 2996 aut
388 2935 415 2995 si
437 2935 510 3015 quis
533 2933 641 2998 alieno
663 2954 756 2997 servo
780 2935 985 3016 persuaserit,
1006 2941 1043 2995 ut
1066 2933 1098 2994 in
1122 2931 1274 2993 arborem

124 3037 317 3101 ascenderet
339 3035 390 3099 vel
417 3037 449 3099 in
474 3047 611 3119 puteum
631 3037 854 3116 descenderet,
877 3046 911 3099 et
936 3038 963 3100 is
989 3035 1198 3099 ascendendo
1223 3033 1274 3097 vel

124 3140 355 3204 descendendo
385 3150 442 3204 aut
473 3151 622 3204 mortuus
653 3141 750 3205 luerit
780 3150 838 3204 aut
865 3141 976 3222 aliqua
1006 3149 1101 3222 parte
1131 3138 1275 3219 corporis

123 3242 232 3306 laesus
255 3246 324 3321 erit,
349 3243 438 3306 utilis
469 3245 502 3307 in
529 3265 605 3307 eum
635 3246 722 3309 actio
746 3246 852 3309 datur.
898 3245 957 3308 sed
980 3245 1006 3307 si
1031 3243 1103 3325 quis
1128 3241 1274 3305 alienum

123 3365 253 3409 servum
269 3348 311 3410 de
333 3359 434 3429 ponte
454 3357 512 3411 aut
531 3348 602 3430 ripa
625 3349 657 3410 in
681 3348 804 3412 flumen
822 3349 977 3412 deiecerit
996 3357 1030 3410 et
1050 3347 1078 3409 is
1097 3345 1274 3409 suffocatus

123 3448 228 3523 suerit,
253 3471 292 3512 eo
316 3450 405 3532 quod
430 3451 602 3532 proiecerit
626 3473 762 3533 corpore
789 3474 848 3515 suo
872 3452 1031 3514 damnum
1055 3449 1185 3512 dedisse
1208 3467 1274 3510 non

123 3551 297 3616 difficiliter
320 3551 466 3634 intellegi
487 3554 609 3635 poterit
629 3556 768 3635 ideoque
789 3557 861 3637 ipsa
884 3554 958 3637 lege
973 3553 1110 3636 Aquilia
1133 3561 1273 3615 tenetur.

122 3657 181 3719 sed
197 3657 224 3718 si
240 3677 306 3720 non
323 3676 458 3738 corpore
470 3658 630 3721 damnum
646 3658 743 3722 luerit
758 3658 874 3722 datum
891 3679 998 3740 neque
1013 3677 1131 3738 corpus
1146 3655 1272 3718 laesum

122 3904 240 3972 occisos,
252 3903 275 3958 si
289 3904 352 3974 quis
365 3905 444 3960 alteri
460 3906 595 3960 damnum
610 3906 685 3974 laxit,
699 3907 775 3977 quod
788 3907 897 3975 usserit,
911 3907 1032 3977 fregerit,
1045 3907 1149 3977 ruperit
1163 3905 1272 3975 iniuria,

122 3987 219 4059 quanti
234 4005 270 4041 ea
286 4006 331 4042 res
350 3987 402 4043 erit
422 3989 450 4043 in
469 3988 569 4044 diebus
588 3990 703 4060 triginta
721 3989 864 4059 proximis,
879 4001 988 4045 tantum
1007 4008 1056 4045 aes
1075 3989 1191 4044 domino
1204 3990 1272 4045 dare

122 4071 242 4125 damnas
255 4073 332 4125 esto’
346 4072 411 4142 Dig.
424 4087 448 4140 9.
461 4087 483 4125 2.
496 4087 536 4139 27.
551 4087 572 4141 5.
610 4075 673 4128 The
686 4073 898 4143 interpretation
912 4074 944 4127 ol
953 4074 1057 4143 ruperit
1070 4074 1108 4143 by
1118 4074 1272 4141 corruperit

122 4155 141 4222 (⁴
149 4154 259 4226 rupisse
269 4156 386 4210 verbum
400 4156 458 4210 lere
472 4173 571 4210 omnes
581 4168 690 4212 veteres
703 4157 744 4212 sic
758 4157 961 4227 intellexerunt,
972 4157 1144 4227 corrupisse’
1158 4157 1223 4226 Dig.
1233 4158 1272 4212 ib.

122 4252 164 4304 27.
181 4238 224 4306 13)
238 4238 360 4307 brought
374 4240 410 4293 all
424 4239 545 4307 damage
559 4241 663 4295 caused
677 4243 715 4310 by
728 4241 891 4297 immediate
908 4242 1036 4312 physical
1049 4251 1161 4295 contact
1174 4240 1241 4295 with
1254 4258 1272 4295 a

121 4339 166 4375 res
179 4321 273 4376 aliena
286 4322 433 4390 (damnum
451 4339 569 4392 corpore
586 4325 696 4394 corpori
715 4325 822 4393 datum,
836 4325 903 4396 Dig.
915 4326 952 4380 ib.
967 4340 1009 4392 27.
1026 4340 1056 4393 13
1069 4342 1120 4395 sq,
1135 4322 1148 4393 i
1167 4324 1198 4378 16
1210 4323 1270 4392 inl.)

121 4403 217 4459 within
231 4405 279 4459 the
292 4415 379 4460 terms
392 4407 425 4460 ol
433 4406 482 4460 the
495 4415 607 4462 statute.

158 4484 172 4559 ξ
186 4489 234 4542 16.
255 4489 312 4544 For
330 4487 457 4545 actiones
475 4489 504 4545 in
522 4489 629 4545 iactum
646 4490 674 4545 in
687 4493 801 4561 general
814 4509 862 4548 see
874 4493 1031 4548 references
1044 4501 1074 4545 to
1087 4492 1230 4546 Excursus
1243 4492 1271 4545 X
