2986 5048
216 329 277 414 136
416 334 768 392 INSTITUTIONUM
783 333 903 389 LIBRI
922 334 1159 406 QUATTUOR.
1267 334 1333 400 [Lib.
1345 341 1364 390 1.

213 500 340 580 suerint,
371 502 483 566 omnia
512 501 651 586 pristina
683 501 753 565 iura
783 499 953 584 recipiunt.
1001 500 1121 565 idcirco
1153 521 1300 565 reversus
1330 510 1366 564 et

212 604 333 670 liberos
362 606 499 674 habebit
529 606 562 670 in
593 615 768 688 potestate,
794 607 871 688 quia
900 604 1139 688 postliminium
1166 603 1261 688 fingit
1288 626 1365 669 eum

213 710 270 794 qui
285 719 402 793 captus
422 720 473 775 est
494 730 625 794 semper
640 709 672 773 in
693 709 826 774 civitate
842 708 959 773 fuisse:
978 710 1005 773 si
1026 729 1103 772 vero
1120 709 1165 771 ibi
1180 710 1366 788 decesserit,

215 813 345 891 exinde,
361 835 405 878 ex
426 834 492 896 quo
513 824 630 897 captus
651 822 701 877 est
723 821 826 896 pater,
844 812 930 876 iilius
950 814 999 876 sui
1021 813 1097 875 iuris
1112 811 1212 876 fuisse
1227 813 1366 878 videtur.

197 974 201 981 .
214 916 286 1000 ipse
297 937 429 999 quoque
445 916 529 980 iilius
545 937 690 1000 neposve
704 917 731 979 si
747 916 790 980 ab
805 916 953 979 hostibus
968 925 1084 999 captus
1097 915 1202 991 suerit,
1216 914 1368 980 similiter

213 1020 354 1086 dicimus
376 1030 510 1105 propter
525 1022 574 1086 ius
597 1021 791 1105 postliminii
813 1021 862 1083 ius
881 1041 1011 1103 quoque
1026 1020 1201 1103 potestatis
1221 1021 1367 1103 parentis

215 1125 248 1189 in
263 1146 422 1209 suspenso
445 1145 527 1189 esse.
573 1127 698 1190 dictum
715 1133 765 1189 est
780 1134 893 1189 autem
909 1124 1147 1206 postliminium
1165 1147 1186 1189 a
1204 1125 1317 1189 limine
1332 1135 1367 1190 et

214 1238 300 1312 post,
322 1239 359 1293 ut
381 1249 465 1306 eum,
485 1230 540 1312 qui
561 1229 604 1293 ab
628 1229 777 1292 hostibus
799 1238 915 1311 captus
938 1228 971 1291 in
994 1228 1076 1292 fines
1099 1237 1227 1293 nostros
1249 1239 1368 1312 postea

215 1332 372 1414 pervenit,
398 1332 603 1415 postliminio
630 1352 795 1397 reversum
822 1342 910 1396 recte
938 1332 1085 1396 dicimus.
1145 1353 1221 1395 nam
1252 1332 1368 1398 limina

214 1436 299 1500 sicut
320 1435 353 1499 in
368 1437 522 1500 domibus
543 1436 643 1501 finem
664 1437 830 1520 quendam
845 1435 977 1514 faciunt,
997 1436 1043 1500 sic
1065 1445 1098 1500 et
1119 1436 1246 1520 imperii
1263 1437 1364 1502 finem

215 1539 316 1605 limen
339 1561 412 1605 esse
431 1550 559 1606 veteres
578 1540 758 1606 voluerunt.
802 1540 878 1604 hinc
900 1550 934 1606 et
957 1540 1052 1605 limes
1073 1541 1181 1604 dictus
1199 1551 1250 1606 est
1272 1543 1368 1624 quasi

215 1644 290 1708 finis
311 1644 446 1726 quidam
470 1654 503 1710 et
526 1645 693 1710 terminus.
739 1646 782 1709 ab
805 1665 845 1708 eo
870 1644 1109 1728 postliminium
1132 1645 1266 1721 dictum,
1290 1647 1368 1729 quia

217 1748 335 1813 eodem
351 1748 464 1813 limine
483 1751 713 1824 revertebatur,
729 1770 795 1832 quo
810 1750 950 1814 amissus
966 1757 1046 1813 erat.
1077 1750 1134 1813 sed
1152 1759 1185 1814 et
1201 1751 1257 1833 qui
1273 1751 1370 1815 victis

187 1852 366 1918 fihostibus
389 1863 605 1938 recuperatur,
628 1854 831 1937 postliminio
850 1854 984 1917 rediisse
1006 1853 1225 1919 existimatur.
1271 1854 1369 1919 Prae-

217 1968 308 2023 terea
344 1957 608 2041 emancipatione
645 1978 776 2040 quoque
812 1958 969 2022 desinunt
1003 1956 1096 2022 liberi
1134 1957 1167 2020 in
1200 1968 1369 2041 potestate

216 2070 391 2144 parentum
419 2082 500 2127 esse.
538 2063 597 2126 sed
631 2081 671 2125 ea
701 2060 921 2145 emancipatio
946 2071 1045 2126 antea
1075 2062 1209 2144 quidem
1232 2062 1284 2126 vel
1310 2084 1371 2146 per

217 2165 388 2247 antiquam
419 2165 501 2246 legis
531 2164 794 2230 observationem
820 2166 1029 2249 procedebat,
1055 2186 1140 2248 quae
1169 2187 1228 2249 per
1254 2165 1371 2250 imagi·

218 2270 326 2333 narias
351 2270 558 2333 venditiones
589 2276 623 2333 et
653 2270 895 2335 intercedentes
921 2271 1193 2335 manumissiones
1223 2271 1382 2336 celebra·-

218 2373 323 2450 batur,
337 2371 391 2435 vel
407 2393 451 2436 ex
468 2372 628 2457 imperiali
645 2374 812 2457 rescripto.
853 2384 965 2438 nostra
982 2384 1094 2438 autem
1113 2374 1319 2457 providentia
1337 2386 1372 2440 et

218 2628 352 2700 ordinary
364 2629 585 2686 circumstances
602 2631 694 2685 would
713 2632 786 2686 have
804 2630 877 2685 been
897 2630 1049 2700 destroyed
1068 2631 1117 2701 (by
1130 2629 1277 2702 captivity)
1296 2649 1373 2688 were

218 2715 326 2784 merely
338 2716 501 2785 suspended
519 2715 563 2771 for
581 2733 617 2770 an
637 2714 782 2770 indefinite
801 2714 879 2782 tirne,
898 2713 969 2769 until
988 2715 1037 2769 the
1055 2731 1225 2770 occurrence
1243 2715 1276 2770 of
1290 2731 1373 2772 some

219 2808 312 2854 event.
352 2800 378 2854 lt
390 2799 444 2853 has
457 2808 512 2853 two
525 2807 648 2869 aspects,
661 2797 773 2868 passive
792 2797 850 2852 and
863 2797 964 2852 active.
1002 2799 1036 2852 In
1050 2798 1098 2853 the
1110 2797 1223 2867 former,
1236 2815 1254 2853 a
1266 2815 1372 2869 person

218 2880 373 2952 returning,
387 2900 419 2937 or
437 2898 454 2936 a
473 2881 554 2952 thing
566 2881 727 2950 recovered,
740 2881 813 2935 from
830 2880 966 2952 captivity
979 2880 1003 2935 is
1015 2882 1144 2937 restored
1161 2893 1191 2936 to
1210 2883 1259 2937 the
1277 2899 1375 2953 power

221 2964 249 3020 in
271 2965 363 3019 which
385 2965 422 3020 he
442 2983 475 3020 or
498 2965 519 3021 it
541 2983 598 3020 was
620 2964 751 3036 previous
771 2973 801 3019 to
824 2965 872 3019 the
894 2974 1029 3035 capture:
1048 2982 1073 3021 e.
1082 2983 1110 3034 g.
1127 2965 1186 3020 free
1204 2982 1324 3036 persons
1344 2965 1373 3020 in

219 3065 316 3121 power
335 3048 399 3117 (Bk.
413 3048 441 3103 ii.
458 3065 478 3104 1.
496 3063 527 3116 17
541 3049 611 3119 ini),
630 3050 732 3117 slaves,
745 3048 821 3117 land,
836 3048 924 3118 ships,
937 3049 1044 3117 horses,
1063 3049 1122 3103 and
1133 3050 1232 3118 mules,
1247 3047 1315 3119 Dig.
1327 3065 1373 3119 49.

223 3143 264 3201 15.
278 3146 301 3185 2.
316 3146 332 3199 3
345 3132 403 3186 and
420 3147 459 3202 ¹9·
476 3148 516 3202 10,
537 3132 595 3188 Cic.
609 3135 682 3202 Top.
696 3133 720 3188 8.
759 3133 793 3186 In
811 3131 847 3186 its
866 3132 958 3187 active
977 3141 1084 3203 aspect,
1096 3150 1115 3187 a
1127 3149 1230 3204 person
1243 3133 1307 3187 who
1319 3133 1374 3189 bas

219 3216 294 3270 been
313 3214 342 3270 in
362 3216 499 3286 captivity
511 3233 641 3271 recovers
660 3216 697 3271 all
716 3214 761 3269 his
780 3214 911 3285 previous
924 3214 1023 3284 rights,
1036 3215 1174 3287 provided
1188 3215 1227 3285 (1)
1241 3216 1302 3270 that
1315 3216 1374 3272 this

221 3315 279 3354 was
297 3300 346 3354 the
365 3298 504 3355 intention
524 3300 557 3355 oi
571 3299 616 3354 his
634 3310 738 3368 return,
760 3298 826 3368 Dig.
844 3313 887 3367 49
905 3311 945 3367 15.
961 3311 984 3367 5.
999 3313 1032 3366 3:
1060 3299 1098 3368 (2)
1120 3299 1182 3354 that
1201 3299 1237 3355 he
1255 3299 1306 3354 did
1323 3312 1375 3357 not

222 3381 324 3450 desert,
336 3399 369 3437 or
380 3383 549 3452 voluntarily
558 3383 715 3451 surrender,
726 3400 758 3437 or
770 3399 828 3436 was
841 3391 891 3436 not
904 3382 1092 3437 surrendered
1101 3382 1140 3451 by
1149 3384 1198 3437 the
1213 3392 1304 3439 state:
1325 3382 1341 3439 i.
1348 3401 1374 3439 e.

221 3464 258 3519 he
271 3475 347 3519 must
361 3466 433 3520 have
446 3467 519 3521 been
535 3466 612 3520 bona
628 3466 684 3520 fide
702 3465 838 3536 captured
851 3463 918 3519 with
937 3480 1014 3519 anns
1028 3464 1056 3519 in
1074 3464 1119 3519 his
1131 3465 1243 3521 hands:
1262 3467 1320 3521 and
1335 3468 1374 3537 (3)

222 3548 284 3602 that
302 3548 352 3604 the
371 3559 465 3604 return
485 3549 535 3604 did
553 3559 603 3604 not
622 3549 688 3604 take
705 3549 787 3619 place
805 3547 908 3618 during
920 3565 958 3602 an
971 3547 1122 3618 mistice,
1137 3548 1261 3619 Dig.49.
1277 3563 1317 3619 15.
1334 3566 1375 3620 19.

226 3647 246 3687 1.
288 3633 321 3685 In
342 3631 438 3687 Gaius’
457 3632 525 3688 time
544 3633 593 3687 the
610 3642 692 3687 exact
705 3631 829 3702 position
844 3632 877 3686 oi
892 3631 1017 3687 children
1034 3633 1130 3687 whose
1148 3632 1241 3687 father
1259 3631 1326 3687 died
1346 3633 1375 3689 in

223 3714 360 3786 captivity
373 3733 430 3770 was
444 3727 494 3770 not
507 3714 629 3770 settled:
650 3714 690 3769 ‘si
704 3733 771 3770 vero
790 3713 847 3769 illic
866 3725 993 3770 mortuus
1007 3714 1052 3784 sit,
1065 3724 1146 3770 erunt
1160 3714 1275 3786 quidem
1294 3715 1375 3772 liberi

223 3797 266 3852 sui
280 3797 356 3866 iuris,
370 3797 421 3852 sed
435 3808 529 3852 utrum
541 3815 576 3853 ex
588 3798 643 3852 hoc
656 3807 784 3868 ternpore
797 3814 853 3868 quo
867 3807 994 3852 mortuus
1007 3808 1050 3853 est
1063 3797 1140 3868 apud
1152 3799 1250 3853 hostes
1262 3815 1375 3869 parens,

223 3898 260 3941 an
275 3898 309 3936 ex
329 3880 376 3935 illo
389 3898 445 3952 quo
465 3881 502 3936 ab
521 3880 649 3937 hostibus
667 3891 767 3951 captus
785 3892 838 3950 est,
851 3881 973 3936 dubitari
992 3891 1088 3952 potest
1099 3883 1105 3911 ³
1118 3880 1136 3936 i.
1154 3896 1210 3951 129
1247 3884 1309 3938 The
1327 3884 1377 3940 de·

223 3964 344 4020 rivation
362 3965 395 4020 oi
410 3966 458 4020 the
472 3965 549 4019 word
567 3964 651 4035 given
666 3963 694 4018 in
708 3964 765 4019 this
777 3964 886 4020 section
899 3964 1059 4035 originated
1078 3965 1144 4020 with
1158 3966 1304 4036 Scaevola,
1317 3969 1377 4023 and

224 4066 282 4104 was
301 4048 438 4118 accepted
456 4049 495 4117 by
514 4049 625 4118 Festus,
646 4047 791 4118 Boethius,
811 4048 868 4104 and
889 4046 1024 4119 Isidorus,
1043 4049 1093 4104 but
1111 4049 1237 4119 rejected
1255 4050 1293 4121 by
1314 4051 1377 4106 Sul-

223 4128 323 4201 picius,
342 4130 401 4186 Cic.
414 4131 487 4201 Top.
501 4131 525 4186 8.

261 4214 318 4267 For
336 4215 386 4268 the
404 4230 538 4283 recovery
556 4212 648 4268 olbis
667 4215 755 4269 tutela
776 4215 815 4284 by
833 4230 851 4269 a
866 4223 942 4270 tutor
963 4215 1053 4271 under
1074 4215 1124 4270 the
1145 4213 1188 4270 ius
1210 4215 1377 4286 postliminii

225 4313 273 4351 see
286 4296 340 4351 Tit
356 4310 399 4352 20.
413 4310 438 4350 2.
451 4296 498 4352 inl.
513 4317 521 4365 3
539 4297 597 4352 and
609 4297 652 4352 for
665 4298 713 4353 the
726 4297 899 4368 application
912 4297 945 4352 oi
953 4298 1002 4354 the
1015 4298 1144 4355 doctrine
1156 4308 1186 4354 to
1199 4309 1378 4371 testaments,

227 4380 277 4432 Bk.
293 4377 320 4432 ii.
338 4394 377 4433 12.
393 4392 406 4449 5
421 4378 468 4435 inf.

261 4463 276 4531 §
290 4465 317 4518 6.
339 4463 558 4536 Emancipation
570 4480 627 4520 was
637 4475 686 4520 not
694 4463 824 4521 effeetual
833 4465 928 4522 unless
941 4465 1021 4522 three
1035 4465 1196 4522 conditione
1209 4483 1282 4523 vere
1295 4466 1378 4524 satis·
