<?xml version="1.0" encoding="UTF-8"?>
<!DOCTYPE html PUBLIC "-//W3C//DTD XHTML 1.0 Transitional//EN"
    "http://www.w3.org/TR/xhtml1/DTD/xhtml1-transitional.dtd">
<html xmlns="http://www.w3.org/1999/xhtml" xml:lang="en" lang="en">
 <head>
  <title>
</title>
<meta http-equiv="Content-Type" content="text/html;charset=utf-8" />
  <meta name='ocr-system' content='tesseract 3.04.00' />
  <meta name='ocr-capabilities' content='ocr_page ocr_carea ocr_par ocr_line ocrx_word'/>
</head>
<body>
  <div class='ocr_page' id='page_1' title='image "./imperatorisiust00goog_0516.png"; bbox 0 0 2986 5048; ppageno 0'>
   <div class='ocr_carea' id='block_1_1' title="bbox 142 380 1288 462">
    <p class='ocr_par' dir='ltr' id='par_1_1' title="bbox 142 380 1288 462">
     <span class='ocr_line' id='line_1_1' title="bbox 142 380 1288 462; baseline 0.004 -24"><span class='ocrx_word' id='word_1_1' title='bbox 142 388 191 438; x_wconf 72' lang='lat' dir='ltr'>ra</span> <span class='ocrx_word' id='word_1_2' title='bbox 205 383 239 450; x_wconf 61' lang='lat' dir='ltr'>e]</span> <span class='ocrx_word' id='word_1_3' title='bbox 351 382 412 437; x_wconf 71' lang='lat' dir='ltr'>aa</span> <span class='ocrx_word' id='word_1_4' title='bbox 435 380 795 438; x_wconf 72' lang='lat' dir='ltr'>oneronrronvavs</span> <span class='ocrx_word' id='word_1_5' title='bbox 818 381 945 453; x_wconf 77' lang='lat' dir='ltr'><em>QUAE,</em></span> <span class='ocrx_word' id='word_1_6' title='bbox 968 382 1057 441; x_wconf 74' lang='lat' dir='ltr'>erc.</span> <span class='ocrx_word' id='word_1_7' title='bbox 1225 392 1288 462; x_wconf 83' lang='lat'>503</span> 
     </span>
    </p>
   </div>
   <div class='ocr_carea' id='block_1_2' title="bbox 137 536 1339 2891">
    <p class='ocr_par' dir='ltr' id='par_1_2' title="bbox 137 536 1339 2891">
     <span class='ocr_line' id='line_1_2' title="bbox 142 536 1289 628; baseline 0.001 -17"><span class='ocrx_word' id='word_1_8' title='bbox 142 568 207 611; x_wconf 92' lang='lat' dir='ltr'>non</span> <span class='ocrx_word' id='word_1_9' title='bbox 224 547 302 612; x_wconf 89' lang='lat' dir='ltr'>fieri.</span> <span class='ocrx_word' id='word_1_10' title='bbox 334 548 421 611; x_wconf 90' lang='lat' dir='ltr'>unde</span> <span class='ocrx_word' id='word_1_11' title='bbox 437 547 515 611; x_wconf 93' lang='lat' dir='ltr'>illud</span> <span class='ocrx_word' id='word_1_12' title='bbox 532 546 718 628; x_wconf 91' lang='lat' dir='ltr'>quaesitum</span> <span class='ocrx_word' id='word_1_13' title='bbox 736 555 794 626; x_wconf 90' lang='lat' dir='ltr'>est,</span> <span class='ocrx_word' id='word_1_14' title='bbox 810 536 885 611; x_wconf 84' lang='lat' dir='ltr'>curn</span> <span class='ocrx_word' id='word_1_15' title='bbox 898 547 1006 613; x_wconf 89' lang='lat' dir='ltr'>Titius</span> <span class='ocrx_word' id='word_1_16' title='bbox 1021 569 1150 612; x_wconf 91' lang='lat' dir='ltr'>servum</span> <span class='ocrx_word' id='word_1_17' title='bbox 1167 549 1289 614; x_wconf 90' lang='lat' dir='ltr'>Maevii</span> 
     </span>
     <span class='ocr_line' id='line_1_3' title="bbox 141 649 1289 733; baseline -0.001 -18"><span class='ocrx_word' id='word_1_18' title='bbox 141 651 372 724; x_wconf 84' lang='lat' dir='ltr'>sollicitaverit,</span> <span class='ocrx_word' id='word_1_19' title='bbox 397 661 433 714; x_wconf 92' lang='lat' dir='ltr'>ut</span> <span class='ocrx_word' id='word_1_20' title='bbox 459 651 620 732; x_wconf 91' lang='lat' dir='ltr'>quasdam</span> <span class='ocrx_word' id='word_1_21' title='bbox 644 670 695 712; x_wconf 91' lang='lat' dir='ltr'>res</span> <span class='ocrx_word' id='word_1_22' title='bbox 718 649 855 714; x_wconf 92' lang='lat' dir='ltr'>domino</span> <span class='ocrx_word' id='word_1_23' title='bbox 880 651 1061 733; x_wconf 86' lang='lat' dir='ltr'>subriperet</span> <span class='ocrx_word' id='word_1_24' title='bbox 1088 663 1122 716; x_wconf 92' lang='lat' dir='ltr'>et</span> <span class='ocrx_word' id='word_1_25' title='bbox 1145 652 1189 715; x_wconf 95' lang='lat' dir='ltr'>ad</span> <span class='ocrx_word' id='word_1_26' title='bbox 1215 672 1289 715; x_wconf 93' lang='lat' dir='ltr'>eum</span> 
     </span>
     <span class='ocr_line' id='line_1_4' title="bbox 141 754 1289 838; baseline -0.002 -18"><span class='ocrx_word' id='word_1_27' title='bbox 141 756 306 838; x_wconf 81' lang='lat' dir='ltr'>perferret,</span> <span class='ocrx_word' id='word_1_28' title='bbox 331 764 364 819; x_wconf 92' lang='lat' dir='ltr'>et</span> <span class='ocrx_word' id='word_1_29' title='bbox 381 776 493 818; x_wconf 90' lang='lat' dir='ltr'>servus</span> <span class='ocrx_word' id='word_1_30' title='bbox 516 755 550 818; x_wconf 94' lang='lat' dir='ltr'>id</span> <span class='ocrx_word' id='word_1_31' title='bbox 573 756 616 818; x_wconf 90' lang='lat' dir='ltr'>ad</span> <span class='ocrx_word' id='word_1_32' title='bbox 641 754 808 817; x_wconf 90' lang='lat' dir='ltr'>Maevium</span> <span class='ocrx_word' id='word_1_33' title='bbox 827 756 1007 837; x_wconf 89' lang='lat' dir='ltr'>pertulerit,</span> <span class='ocrx_word' id='word_1_34' title='bbox 1028 755 1187 832; x_wconf 91' lang='lat' dir='ltr'>Maevius,</span> <span class='ocrx_word' id='word_1_35' title='bbox 1208 756 1289 818; x_wconf 91' lang='lat' dir='ltr'>dum</span> 
     </span>
     <span class='ocr_line' id='line_1_5' title="bbox 140 857 1290 941; baseline 0 -19"><span class='ocrx_word' id='word_1_36' title='bbox 140 860 212 924; x_wconf 91' lang='lat' dir='ltr'>vult</span> <span class='ocrx_word' id='word_1_37' title='bbox 241 857 368 921; x_wconf 91' lang='lat' dir='ltr'>Titium</span> <span class='ocrx_word' id='word_1_38' title='bbox 402 858 434 920; x_wconf 92' lang='lat' dir='ltr'>in</span> <span class='ocrx_word' id='word_1_39' title='bbox 466 857 537 940; x_wconf 90' lang='lat' dir='ltr'>ipso</span> <span class='ocrx_word' id='word_1_40' title='bbox 572 857 694 922; x_wconf 89' lang='lat' dir='ltr'>delicto</span> <span class='ocrx_word' id='word_1_41' title='bbox 727 857 982 941; x_wconf 89' lang='lat' dir='ltr'>deprehendere,</span> <span class='ocrx_word' id='word_1_42' title='bbox 1013 860 1161 941; x_wconf 90' lang='lat' dir='ltr'>permisit</span> <span class='ocrx_word' id='word_1_43' title='bbox 1197 880 1290 922; x_wconf 92' lang='lat' dir='ltr'>servo</span> 
     </span>
     <span class='ocr_line' id='line_1_6' title="bbox 140 962 1289 1046; baseline 0.001 -21"><span class='ocrx_word' id='word_1_44' title='bbox 140 964 301 1045; x_wconf 90' lang='lat' dir='ltr'>quasdam</span> <span class='ocrx_word' id='word_1_45' title='bbox 325 982 376 1025; x_wconf 91' lang='lat' dir='ltr'>res</span> <span class='ocrx_word' id='word_1_46' title='bbox 398 963 441 1025; x_wconf 94' lang='lat' dir='ltr'>ad</span> <span class='ocrx_word' id='word_1_47' title='bbox 469 982 544 1025; x_wconf 91' lang='lat' dir='ltr'>eum</span> <span class='ocrx_word' id='word_1_48' title='bbox 566 962 717 1043; x_wconf 82' lang='lat' dir='ltr'>perferre,</span> <span class='ocrx_word' id='word_1_49' title='bbox 742 975 851 1026; x_wconf 91' lang='lat' dir='ltr'>utrum</span> <span class='ocrx_word' id='word_1_50' title='bbox 873 963 950 1026; x_wconf 85' lang='lat' dir='ltr'>furti</span> <span class='ocrx_word' id='word_1_51' title='bbox 973 984 1015 1027; x_wconf 89' lang='lat' dir='ltr'>an</span> <span class='ocrx_word' id='word_1_52' title='bbox 1038 964 1123 1028; x_wconf 90' lang='lat' dir='ltr'>servi</span> <span class='ocrx_word' id='word_1_53' title='bbox 1145 964 1289 1046; x_wconf 92' lang='lat' dir='ltr'>corrupti</span> 
     </span>
     <span class='ocr_line' id='line_1_7' title="bbox 140 1064 1290 1150; baseline 0.003 -22"><span class='ocrx_word' id='word_1_54' title='bbox 140 1067 260 1130; x_wconf 92' lang='lat' dir='ltr'>iudicio</span> <span class='ocrx_word' id='word_1_55' title='bbox 290 1076 441 1130; x_wconf 89' lang='lat' dir='ltr'>teneatur</span> <span class='ocrx_word' id='word_1_56' title='bbox 462 1064 580 1144; x_wconf 87' lang='lat' dir='ltr'>Titius,</span> <span class='ocrx_word' id='word_1_57' title='bbox 603 1087 645 1129; x_wconf 94' lang='lat' dir='ltr'>an</span> <span class='ocrx_word' id='word_1_58' title='bbox 669 1064 807 1130; x_wconf 83' lang='lat' dir='ltr'>neutro?</span> <span class='ocrx_word' id='word_1_59' title='bbox 837 1078 870 1131; x_wconf 93' lang='lat' dir='ltr'>et</span> <span class='ocrx_word' id='word_1_60' title='bbox 893 1087 968 1130; x_wconf 93' lang='lat' dir='ltr'>cum</span> <span class='ocrx_word' id='word_1_61' title='bbox 992 1068 1087 1131; x_wconf 87' lang='lat' dir='ltr'>nobis</span> <span class='ocrx_word' id='word_1_62' title='bbox 1110 1087 1209 1150; x_wconf 91' lang='lat' dir='ltr'>super</span> <span class='ocrx_word' id='word_1_63' title='bbox 1227 1067 1290 1131; x_wconf 90' lang='lat' dir='ltr'>hac</span> 
     </span>
     <span class='ocr_line' id='line_1_8' title="bbox 140 1170 1290 1254; baseline 0.002 -22"><span class='ocrx_word' id='word_1_64' title='bbox 140 1170 347 1233; x_wconf 88' lang='lat' dir='ltr'>dubitatione</span> <span class='ocrx_word' id='word_1_65' title='bbox 371 1178 563 1252; x_wconf 84' lang='lat' dir='ltr'>suggestum</span> <span class='ocrx_word' id='word_1_66' title='bbox 588 1180 638 1233; x_wconf 90' lang='lat' dir='ltr'>est</span> <span class='ocrx_word' id='word_1_67' title='bbox 661 1178 695 1233; x_wconf 93' lang='lat' dir='ltr'>et</span> <span class='ocrx_word' id='word_1_68' title='bbox 717 1171 927 1252; x_wconf 91' lang='lat' dir='ltr'>antiquorum</span> <span class='ocrx_word' id='word_1_69' title='bbox 954 1170 1165 1253; x_wconf 91' lang='lat' dir='ltr'>prudentium</span> <span class='ocrx_word' id='word_1_70' title='bbox 1192 1192 1290 1254; x_wconf 92' lang='lat' dir='ltr'>super</span> 
     </span>
     <span class='ocr_line' id='line_1_9' title="bbox 139 1272 1290 1357; baseline 0.002 -22"><span class='ocrx_word' id='word_1_71' title='bbox 139 1272 203 1336; x_wconf 91' lang='lat' dir='ltr'>hoc</span> <span class='ocrx_word' id='word_1_72' title='bbox 225 1272 456 1337; x_wconf 88' lang='lat' dir='ltr'>altercationes</span> <span class='ocrx_word' id='word_1_73' title='bbox 475 1275 714 1355; x_wconf 88' lang='lat' dir='ltr'>perspeximus,</span> <span class='ocrx_word' id='word_1_74' title='bbox 735 1275 934 1356; x_wconf 92' lang='lat' dir='ltr'>quibusdam</span> <span class='ocrx_word' id='word_1_75' title='bbox 953 1293 1060 1356; x_wconf 91' lang='lat' dir='ltr'>neque</span> <span class='ocrx_word' id='word_1_76' title='bbox 1081 1274 1160 1337; x_wconf 84' lang='lat' dir='ltr'>furti</span> <span class='ocrx_word' id='word_1_77' title='bbox 1183 1294 1290 1357; x_wconf 89' lang='lat' dir='ltr'>neque</span> 
     </span>
     <span class='ocr_line' id='line_1_10' title="bbox 140 1378 1289 1476; baseline 0 -36"><span class='ocrx_word' id='word_1_78' title='bbox 140 1378 222 1441; x_wconf 92' lang='lat' dir='ltr'>servi</span> <span class='ocrx_word' id='word_1_79' title='bbox 239 1378 380 1459; x_wconf 89' lang='lat' dir='ltr'>corrupti</span> <span class='ocrx_word' id='word_1_80' title='bbox 396 1378 560 1440; x_wconf 86' lang='lat' dir='ltr'>actionem</span> <span class='ocrx_word' id='word_1_81' title='bbox 576 1378 828 1476; x_wconf 69' lang='lat' dir='ltr'>praestantibus,</span> <span class='ocrx_word' id='word_1_82' title='bbox 841 1379 1039 1460; x_wconf 91' lang='lat' dir='ltr'>quibusdam</span> <span class='ocrx_word' id='word_1_83' title='bbox 1051 1379 1128 1442; x_wconf 88' lang='lat' dir='ltr'>lurti</span> <span class='ocrx_word' id='word_1_84' title='bbox 1143 1389 1289 1442; x_wconf 90' lang='lat' dir='ltr'>tantum·</span> 
     </span>
     <span class='ocr_line' id='line_1_11' title="bbox 140 1479 1290 1565; baseline 0.001 -22"><span class='ocrx_word' id='word_1_85' title='bbox 140 1482 259 1544; x_wconf 92' lang='lat' dir='ltr'>modo:</span> <span class='ocrx_word' id='word_1_86' title='bbox 283 1502 343 1544; x_wconf 92' lang='lat' dir='ltr'>nos</span> <span class='ocrx_word' id='word_1_87' title='bbox 364 1479 552 1544; x_wconf 92' lang='lat' dir='ltr'>huiusmodi</span> <span class='ocrx_word' id='word_1_88' title='bbox 575 1481 749 1546; x_wconf 86' lang='lat' dir='ltr'>calliditati</span> <span class='ocrx_word' id='word_1_89' title='bbox 773 1482 905 1544; x_wconf 92' lang='lat' dir='ltr'>obviarn</span> <span class='ocrx_word' id='word_1_90' title='bbox 927 1490 1042 1546; x_wconf 91' lang='lat' dir='ltr'>euntes</span> <span class='ocrx_word' id='word_1_91' title='bbox 1062 1502 1122 1565; x_wconf 92' lang='lat' dir='ltr'>per</span> <span class='ocrx_word' id='word_1_92' title='bbox 1142 1492 1290 1547; x_wconf 90' lang='lat' dir='ltr'>nostram</span> 
     </span>
     <span class='ocr_line' id='line_1_12' title="bbox 139 1584 1289 1663; baseline 0.001 -17"><span class='ocrx_word' id='word_1_93' title='bbox 139 1584 339 1647; x_wconf 89' lang='lat' dir='ltr'>decisionem</span> <span class='ocrx_word' id='word_1_94' title='bbox 366 1586 540 1648; x_wconf 86' lang='lat' dir='ltr'>sanximus</span> <span class='ocrx_word' id='word_1_95' title='bbox 567 1605 632 1648; x_wconf 92' lang='lat' dir='ltr'>non</span> <span class='ocrx_word' id='word_1_96' title='bbox 664 1585 771 1648; x_wconf 90' lang='lat' dir='ltr'>solum</span> <span class='ocrx_word' id='word_1_97' title='bbox 798 1585 874 1649; x_wconf 85' lang='lat' dir='ltr'>lurti</span> <span class='ocrx_word' id='word_1_98' title='bbox 902 1586 1075 1663; x_wconf 91' lang='lat' dir='ltr'>actionem,</span> <span class='ocrx_word' id='word_1_99' title='bbox 1101 1586 1160 1649; x_wconf 91' lang='lat' dir='ltr'>sed</span> <span class='ocrx_word' id='word_1_100' title='bbox 1188 1585 1289 1649; x_wconf 92' lang='lat' dir='ltr'>etiam</span> 
     </span>
     <span class='ocr_line' id='line_1_13' title="bbox 139 1686 1290 1769; baseline 0 -19"><span class='ocrx_word' id='word_1_101' title='bbox 139 1687 222 1750; x_wconf 89' lang='lat' dir='ltr'>servi</span> <span class='ocrx_word' id='word_1_102' title='bbox 245 1687 389 1769; x_wconf 90' lang='lat' dir='ltr'>corrupti</span> <span class='ocrx_word' id='word_1_103' title='bbox 412 1696 526 1749; x_wconf 91' lang='lat' dir='ltr'>contra</span> <span class='ocrx_word' id='word_1_104' title='bbox 550 1706 625 1751; x_wconf 90' lang='lat' dir='ltr'>eum</span> <span class='ocrx_word' id='word_1_105' title='bbox 645 1687 733 1750; x_wconf 88' lang='lat' dir='ltr'>dari:</span> <span class='ocrx_word' id='word_1_106' title='bbox 758 1686 833 1751; x_wconf 91' lang='lat' dir='ltr'>licet</span> <span class='ocrx_word' id='word_1_107' title='bbox 855 1689 943 1750; x_wconf 90' lang='lat' dir='ltr'>enirn</span> <span class='ocrx_word' id='word_1_108' title='bbox 965 1688 992 1750; x_wconf 91' lang='lat' dir='ltr'>is</span> <span class='ocrx_word' id='word_1_109' title='bbox 1013 1708 1125 1751; x_wconf 88' lang='lat' dir='ltr'>servus</span> <span class='ocrx_word' id='word_1_110' title='bbox 1147 1689 1290 1752; x_wconf 91' lang='lat' dir='ltr'>deterior</span> 
     </span>
     <span class='ocr_line' id='line_1_14' title="bbox 139 1778 1290 1856; baseline 0 -2"><span class='ocrx_word' id='word_1_111' title='bbox 139 1810 159 1854; x_wconf 84' lang='lat' dir='ltr'>a</span> <span class='ocrx_word' id='word_1_112' title='bbox 189 1790 401 1854; x_wconf 89' lang='lat' dir='ltr'>sollicitatore</span> <span class='ocrx_word' id='word_1_113' title='bbox 431 1791 567 1854; x_wconf 92' lang='lat' dir='ltr'>minime</span> <span class='ocrx_word' id='word_1_114' title='bbox 597 1789 705 1854; x_wconf 91' lang='lat' dir='ltr'>lactus</span> <span class='ocrx_word' id='word_1_115' title='bbox 736 1799 786 1853; x_wconf 91' lang='lat' dir='ltr'>est</span> <span class='ocrx_word' id='word_1_116' title='bbox 820 1778 966 1855; x_wconf 86' lang='lat' dir='ltr'>et&#39;ideo</span> <span class='ocrx_word' id='word_1_117' title='bbox 998 1812 1063 1854; x_wconf 90' lang='lat' dir='ltr'>non</span> <span class='ocrx_word' id='word_1_118' title='bbox 1094 1802 1290 1856; x_wconf 89' lang='lat' dir='ltr'>concurrant</span> 
     </span>
     <span class='ocr_line' id='line_1_15' title="bbox 139 1895 1289 1977; baseline 0.001 -21"><span class='ocrx_word' id='word_1_119' title='bbox 139 1895 279 1974; x_wconf 85' lang='lat' dir='ltr'>regulae,</span> <span class='ocrx_word' id='word_1_120' title='bbox 304 1915 389 1977; x_wconf 91' lang='lat' dir='ltr'>quae</span> <span class='ocrx_word' id='word_1_121' title='bbox 414 1896 499 1958; x_wconf 92' lang='lat' dir='ltr'>servi</span> <span class='ocrx_word' id='word_1_122' title='bbox 529 1895 672 1976; x_wconf 91' lang='lat' dir='ltr'>corrupti</span> <span class='ocrx_word' id='word_1_123' title='bbox 705 1895 870 1958; x_wconf 90' lang='lat' dir='ltr'>actionem</span> <span class='ocrx_word' id='word_1_124' title='bbox 898 1895 1152 1973; x_wconf 89' lang='lat' dir='ltr'>introducerent,</span> <span class='ocrx_word' id='word_1_125' title='bbox 1176 1905 1289 1959; x_wconf 89' lang='lat' dir='ltr'>tamen</span> 
     </span>
     <span class='ocr_line' id='line_1_16' title="bbox 139 1997 1289 2080; baseline 0.001 -20"><span class='ocrx_word' id='word_1_126' title='bbox 139 1998 310 2061; x_wconf 87' lang='lat' dir='ltr'>consilium</span> <span class='ocrx_word' id='word_1_127' title='bbox 323 1997 520 2080; x_wconf 90' lang='lat' dir='ltr'>corruptoris</span> <span class='ocrx_word' id='word_1_128' title='bbox 531 1997 574 2060; x_wconf 93' lang='lat' dir='ltr'>ad</span> <span class='ocrx_word' id='word_1_129' title='bbox 589 1998 766 2079; x_wconf 88' lang='lat' dir='ltr'>perniciem</span> <span class='ocrx_word' id='word_1_130' title='bbox 780 1998 954 2079; x_wconf 90' lang='lat' dir='ltr'>probitatis</span> <span class='ocrx_word' id='word_1_131' title='bbox 966 1999 1049 2061; x_wconf 89' lang='lat' dir='ltr'>servi</span> <span class='ocrx_word' id='word_1_132' title='bbox 1065 1999 1289 2062; x_wconf 91' lang='lat' dir='ltr'>introductum</span> 
     </span>
     <span class='ocr_line' id='line_1_17' title="bbox 139 2101 1290 2185; baseline 0.001 -21"><span class='ocrx_word' id='word_1_133' title='bbox 139 2112 198 2176; x_wconf 91' lang='lat' dir='ltr'>est,</span> <span class='ocrx_word' id='word_1_134' title='bbox 215 2111 252 2164; x_wconf 91' lang='lat' dir='ltr'>ut</span> <span class='ocrx_word' id='word_1_135' title='bbox 266 2103 309 2165; x_wconf 93' lang='lat' dir='ltr'>sit</span> <span class='ocrx_word' id='word_1_136' title='bbox 330 2102 359 2165; x_wconf 92' lang='lat' dir='ltr'>ei</span> <span class='ocrx_word' id='word_1_137' title='bbox 381 2101 528 2182; x_wconf 91' lang='lat' dir='ltr'>poenalis</span> <span class='ocrx_word' id='word_1_138' title='bbox 549 2103 637 2164; x_wconf 93' lang='lat' dir='ltr'>actio</span> <span class='ocrx_word' id='word_1_139' title='bbox 659 2102 823 2183; x_wconf 92' lang='lat' dir='ltr'>imposita,</span> <span class='ocrx_word' id='word_1_140' title='bbox 845 2112 1016 2185; x_wconf 88' lang='lat' dir='ltr'>tamquam</span> <span class='ocrx_word' id='word_1_141' title='bbox 1036 2122 1070 2166; x_wconf 94' lang='lat' dir='ltr'>re</span> <span class='ocrx_word' id='word_1_142' title='bbox 1089 2103 1160 2185; x_wconf 90' lang='lat' dir='ltr'>ipsa</span> <span class='ocrx_word' id='word_1_143' title='bbox 1175 2102 1290 2166; x_wconf 86' lang='lat' dir='ltr'>luisset</span> 
     </span>
     <span class='ocr_line' id='line_1_18' title="bbox 139 2204 1289 2288; baseline 0.001 -21"><span class='ocrx_word' id='word_1_144' title='bbox 139 2225 250 2268; x_wconf 89' lang='lat' dir='ltr'>servus</span> <span class='ocrx_word' id='word_1_145' title='bbox 276 2216 457 2287; x_wconf 89' lang='lat' dir='ltr'>corruptus,</span> <span class='ocrx_word' id='word_1_146' title='bbox 485 2225 527 2268; x_wconf 94' lang='lat' dir='ltr'>ne</span> <span class='ocrx_word' id='word_1_147' title='bbox 554 2225 597 2267; x_wconf 90' lang='lat' dir='ltr'>ex</span> <span class='ocrx_word' id='word_1_148' title='bbox 623 2204 812 2268; x_wconf 88' lang='lat' dir='ltr'>huiusmodi</span> <span class='ocrx_word' id='word_1_149' title='bbox 841 2206 1039 2288; x_wconf 90' lang='lat' dir='ltr'>impunitate</span> <span class='ocrx_word' id='word_1_150' title='bbox 1065 2216 1099 2269; x_wconf 91' lang='lat' dir='ltr'>et</span> <span class='ocrx_word' id='word_1_151' title='bbox 1129 2207 1162 2268; x_wconf 92' lang='lat' dir='ltr'>in</span> <span class='ocrx_word' id='word_1_152' title='bbox 1188 2205 1289 2268; x_wconf 90' lang='lat' dir='ltr'>alium</span> 
     </span>
     <span class='ocr_line' id='line_1_19' title="bbox 138 2308 1289 2392; baseline 0.002 -22"><span class='ocrx_word' id='word_1_153' title='bbox 138 2329 278 2383; x_wconf 87' lang='lat' dir='ltr'>servum,</span> <span class='ocrx_word' id='word_1_154' title='bbox 301 2309 356 2391; x_wconf 90' lang='lat' dir='ltr'>qui</span> <span class='ocrx_word' id='word_1_155' title='bbox 380 2309 485 2391; x_wconf 88' lang='lat' dir='ltr'>possit</span> <span class='ocrx_word' id='word_1_156' title='bbox 508 2309 681 2390; x_wconf 87' lang='lat' dir='ltr'>corrumpi,</span> <span class='ocrx_word' id='word_1_157' title='bbox 705 2308 773 2373; x_wconf 93' lang='lat' dir='ltr'>tale</span> <span class='ocrx_word' id='word_1_158' title='bbox 797 2309 922 2373; x_wconf 88' lang='lat' dir='ltr'>lacinus</span> <span class='ocrx_word' id='word_1_159' title='bbox 949 2330 969 2374; x_wconf 85' lang='lat' dir='ltr'>a</span> <span class='ocrx_word' id='word_1_160' title='bbox 994 2310 1192 2392; x_wconf 91' lang='lat' dir='ltr'>quibusdam</span> <span class='ocrx_word' id='word_1_161' title='bbox 1216 2330 1289 2392; x_wconf 91' lang='lat' dir='ltr'>per·</span> 
     </span>
     <span class='ocr_line' id='line_1_20' title="bbox 139 2412 1321 2495; baseline 0.004 -21"><span class='ocrx_word' id='word_1_162' title='bbox 139 2423 297 2495; x_wconf 92' lang='lat' dir='ltr'>petretur.</span> <span class='ocrx_word' id='word_1_163' title='bbox 344 2412 517 2475; x_wconf 91' lang='lat' dir='ltr'>Interdum</span> <span class='ocrx_word' id='word_1_164' title='bbox 549 2413 650 2476; x_wconf 89' lang='lat' dir='ltr'>etiarn</span> <span class='ocrx_word' id='word_1_165' title='bbox 681 2412 859 2476; x_wconf 91' lang='lat' dir='ltr'>liberorum</span> <span class='ocrx_word' id='word_1_166' title='bbox 889 2412 1061 2477; x_wconf 91' lang='lat' dir='ltr'>hominum</span> <span class='ocrx_word' id='word_1_167' title='bbox 1091 2414 1215 2478; x_wconf 87' lang='lat' dir='ltr'>lurtum</span> <span class='ocrx_word' id='word_1_168' title='bbox 1243 2412 1321 2487; x_wconf 68' lang='lat' dir='ltr'>fito</span> 
     </span>
     <span class='ocr_line' id='line_1_21' title="bbox 138 2516 1289 2599; baseline 0 -20"><span class='ocrx_word' id='word_1_169' title='bbox 138 2516 238 2579; x_wconf 91' lang='lat' dir='ltr'>veluti</span> <span class='ocrx_word' id='word_1_170' title='bbox 255 2518 282 2579; x_wconf 93' lang='lat' dir='ltr'>si</span> <span class='ocrx_word' id='word_1_171' title='bbox 299 2518 372 2597; x_wconf 93' lang='lat' dir='ltr'>quis</span> <span class='ocrx_word' id='word_1_172' title='bbox 387 2516 563 2579; x_wconf 92' lang='lat' dir='ltr'>liberorum</span> <span class='ocrx_word' id='word_1_173' title='bbox 580 2526 777 2593; x_wconf 90' lang='lat' dir='ltr'>nostrorum,</span> <span class='ocrx_word' id='word_1_174' title='bbox 792 2519 848 2598; x_wconf 91' lang='lat' dir='ltr'>qui</span> <span class='ocrx_word' id='word_1_175' title='bbox 867 2517 900 2578; x_wconf 94' lang='lat' dir='ltr'>in</span> <span class='ocrx_word' id='word_1_176' title='bbox 924 2527 1091 2599; x_wconf 87' lang='lat' dir='ltr'>potestate</span> <span class='ocrx_word' id='word_1_177' title='bbox 1111 2528 1222 2581; x_wconf 91' lang='lat' dir='ltr'>nostra</span> <span class='ocrx_word' id='word_1_178' title='bbox 1238 2519 1289 2591; x_wconf 88' lang='lat' dir='ltr'>sit,</span> 
     </span>
     <span class='ocr_line' id='line_1_22' title="bbox 139 2619 1339 2703; baseline 0.006 -20"><span class='ocrx_word' id='word_1_179' title='bbox 139 2621 314 2701; x_wconf 90' lang='lat' dir='ltr'>subreptus</span> <span class='ocrx_word' id='word_1_180' title='bbox 339 2619 444 2683; x_wconf 91' lang='lat' dir='ltr'>luerit.</span> <span class='ocrx_word' id='word_1_181' title='bbox 499 2619 692 2703; x_wconf 87' lang='lat' dir='ltr'>Aliquando</span> <span class='ocrx_word' id='word_1_182' title='bbox 715 2630 828 2683; x_wconf 92' lang='lat' dir='ltr'>autem</span> <span class='ocrx_word' id='word_1_183' title='bbox 852 2622 952 2684; x_wconf 90' lang='lat' dir='ltr'>etiam</span> <span class='ocrx_word' id='word_1_184' title='bbox 976 2642 1055 2684; x_wconf 92' lang='lat' dir='ltr'>suae</span> <span class='ocrx_word' id='word_1_185' title='bbox 1079 2623 1123 2684; x_wconf 92' lang='lat' dir='ltr'>rei</span> <span class='ocrx_word' id='word_1_186' title='bbox 1150 2623 1290 2703; x_wconf 89' lang='lat' dir='ltr'>quisque</span> <span class='ocrx_word' id='word_1_187' title='bbox 1306 2636 1339 2690; x_wconf 89' lang='lat'>10</span> 
     </span>
     <span class='ocr_line' id='line_1_23' title="bbox 137 2722 1289 2808; baseline 0 -22"><span class='ocrx_word' id='word_1_188' title='bbox 137 2723 259 2786; x_wconf 84' lang='lat' dir='ltr'>furtum</span> <span class='ocrx_word' id='word_1_189' title='bbox 276 2722 462 2797; x_wconf 91' lang='lat' dir='ltr'>committit,</span> <span class='ocrx_word' id='word_1_190' title='bbox 476 2723 576 2787; x_wconf 91' lang='lat' dir='ltr'>veluti</span> <span class='ocrx_word' id='word_1_191' title='bbox 594 2725 621 2786; x_wconf 92' lang='lat' dir='ltr'>si</span> <span class='ocrx_word' id='word_1_192' title='bbox 634 2723 764 2788; x_wconf 92' lang='lat' dir='ltr'>debitor</span> <span class='ocrx_word' id='word_1_193' title='bbox 776 2744 845 2787; x_wconf 91' lang='lat' dir='ltr'>rern</span> <span class='ocrx_word' id='word_1_194' title='bbox 861 2745 961 2806; x_wconf 90' lang='lat' dir='ltr'>quam</span> <span class='ocrx_word' id='word_1_195' title='bbox 974 2725 1126 2789; x_wconf 91' lang='lat' dir='ltr'>creditori</span> <span class='ocrx_word' id='word_1_196' title='bbox 1143 2724 1289 2808; x_wconf 86' lang='lat' dir='ltr'>pignoris</span> 
     </span>
     <span class='ocr_line' id='line_1_24' title="bbox 139 2827 573 2891; baseline 0 0"><span class='ocrx_word' id='word_1_197' title='bbox 139 2847 237 2891; x_wconf 88' lang='lat' dir='ltr'>causa</span> <span class='ocrx_word' id='word_1_198' title='bbox 253 2828 346 2891; x_wconf 88' lang='lat' dir='ltr'>dedit</span> <span class='ocrx_word' id='word_1_199' title='bbox 362 2827 573 2891; x_wconf 86' lang='lat' dir='ltr'>subtraxerit.</span> 
     </span>
    </p>
   </div>
   <div class='ocr_carea' id='block_1_3' title="bbox 135 3081 1290 4571">
    <p class='ocr_par' dir='ltr' id='par_1_3' title="bbox 137 3081 1290 3486">
     <span class='ocr_line' id='line_1_25' title="bbox 138 3081 1290 3156; baseline 0 -18"><span class='ocrx_word' id='word_1_200' title='bbox 138 3081 244 3140; x_wconf 89' lang='lat' dir='ltr'>teneri:</span> <span class='ocrx_word' id='word_1_201' title='bbox 263 3084 345 3153; x_wconf 83' lang='lat' dir='ltr'>furto,</span> <span class='ocrx_word' id='word_1_202' title='bbox 361 3083 426 3138; x_wconf 90' lang='lat' dir='ltr'>ideo</span> <span class='ocrx_word' id='word_1_203' title='bbox 438 3083 515 3154; x_wconf 90' lang='lat' dir='ltr'>quod</span> <span class='ocrx_word' id='word_1_204' title='bbox 527 3101 584 3138; x_wconf 90' lang='lat' dir='ltr'>non</span> <span class='ocrx_word' id='word_1_205' title='bbox 603 3082 690 3138; x_wconf 90' lang='lat' dir='ltr'>invito</span> <span class='ocrx_word' id='word_1_206' title='bbox 708 3102 753 3139; x_wconf 91' lang='lat' dir='ltr'>me</span> <span class='ocrx_word' id='word_1_207' title='bbox 770 3102 830 3138; x_wconf 90' lang='lat' dir='ltr'>rem</span> <span class='ocrx_word' id='word_1_208' title='bbox 846 3084 1048 3139; x_wconf 85' lang='lat' dir='ltr'>contrectavit:</span> <span class='ocrx_word' id='word_1_209' title='bbox 1069 3085 1141 3140; x_wconf 90' lang='lat' dir='ltr'>servi</span> <span class='ocrx_word' id='word_1_210' title='bbox 1155 3086 1290 3156; x_wconf 90' lang='lat' dir='ltr'>corrupti,</span> 
     </span>
     <span class='ocr_line' id='line_1_26' title="bbox 138 3166 1290 3237; baseline -0.001 -17"><span class='ocrx_word' id='word_1_211' title='bbox 138 3167 203 3221; x_wconf 90' lang='lat' dir='ltr'>ideo</span> <span class='ocrx_word' id='word_1_212' title='bbox 216 3167 291 3237; x_wconf 90' lang='lat' dir='ltr'>quod</span> <span class='ocrx_word' id='word_1_213' title='bbox 305 3166 427 3221; x_wconf 89' lang='lat' dir='ltr'>deterior</span> <span class='ocrx_word' id='word_1_214' title='bbox 440 3184 537 3221; x_wconf 89' lang='lat' dir='ltr'>servus</span> <span class='ocrx_word' id='word_1_215' title='bbox 550 3168 640 3221; x_wconf 86' lang='lat' dir='ltr'>sactus</span> <span class='ocrx_word' id='word_1_216' title='bbox 655 3184 711 3221; x_wconf 91' lang='lat' dir='ltr'>non</span> <span class='ocrx_word' id='word_1_217' title='bbox 725 3178 767 3222; x_wconf 87' lang='lat' dir='ltr'>est</span> <span class='ocrx_word' id='word_1_218' title='bbox 780 3169 805 3222; x_wconf 83' lang='lat'>:&#39;</span> <span class='ocrx_word' id='word_1_219' title='bbox 823 3168 880 3221; x_wconf 92' lang='lat' dir='ltr'>and</span> <span class='ocrx_word' id='word_1_220' title='bbox 897 3167 953 3221; x_wconf 92' lang='lat' dir='ltr'>this</span> <span class='ocrx_word' id='word_1_221' title='bbox 967 3178 1118 3222; x_wconf 89' lang='lat' dir='ltr'>statement</span> <span class='ocrx_word' id='word_1_222' title='bbox 1136 3168 1169 3221; x_wconf 85' lang='lat' dir='ltr'>os</span> <span class='ocrx_word' id='word_1_223' title='bbox 1177 3170 1224 3222; x_wconf 92' lang='lat' dir='ltr'>the</span> <span class='ocrx_word' id='word_1_224' title='bbox 1237 3169 1290 3222; x_wconf 89' lang='lat' dir='ltr'>law</span> 
     </span>
     <span class='ocr_line' id='line_1_27' title="bbox 138 3250 1289 3321; baseline -0.002 -16"><span class='ocrx_word' id='word_1_225' title='bbox 138 3268 230 3305; x_wconf 90' lang='lat' dir='ltr'>seems</span> <span class='ocrx_word' id='word_1_226' title='bbox 243 3268 329 3305; x_wconf 89' lang='lat' dir='ltr'>never</span> <span class='ocrx_word' id='word_1_227' title='bbox 342 3262 372 3305; x_wconf 92' lang='lat' dir='ltr'>to</span> <span class='ocrx_word' id='word_1_228' title='bbox 385 3252 457 3305; x_wconf 92' lang='lat' dir='ltr'>have</span> <span class='ocrx_word' id='word_1_229' title='bbox 470 3251 542 3306; x_wconf 87' lang='lat' dir='ltr'>been</span> <span class='ocrx_word' id='word_1_230' title='bbox 556 3250 724 3321; x_wconf 89' lang='lat' dir='ltr'>questioned</span> <span class='ocrx_word' id='word_1_231' title='bbox 740 3252 778 3319; x_wconf 89' lang='lat' dir='ltr'>by</span> <span class='ocrx_word' id='word_1_232' title='bbox 791 3252 838 3305; x_wconf 91' lang='lat' dir='ltr'>the</span> <span class='ocrx_word' id='word_1_233' title='bbox 849 3250 955 3321; x_wconf 91' lang='lat' dir='ltr'>jurists.</span> <span class='ocrx_word' id='word_1_234' title='bbox 990 3250 1154 3321; x_wconf 88' lang='lat' dir='ltr'>Justinian’s</span> <span class='ocrx_word' id='word_1_235' title='bbox 1167 3267 1229 3303; x_wconf 85' lang='lat' dir='ltr'>own</span> <span class='ocrx_word' id='word_1_236' title='bbox 1241 3267 1289 3304; x_wconf 86' lang='lat' dir='ltr'>en·</span> 
     </span>
     <span class='ocr_line' id='line_1_28' title="bbox 137 3333 1289 3389; baseline -0.001 -1"><span class='ocrx_word' id='word_1_237' title='bbox 137 3344 262 3389; x_wconf 87' lang='lat' dir='ltr'>actment</span> <span class='ocrx_word' id='word_1_238' title='bbox 276 3333 299 3388; x_wconf 90' lang='lat' dir='ltr'>is</span> <span class='ocrx_word' id='word_1_239' title='bbox 313 3334 341 3387; x_wconf 91' lang='lat' dir='ltr'>in</span> <span class='ocrx_word' id='word_1_240' title='bbox 357 3334 426 3388; x_wconf 75' lang='lat' dir='ltr'>eod</span> <span class='ocrx_word' id='word_1_241' title='bbox 440 3334 465 3388; x_wconf 83' lang='lat'>6.</span> <span class='ocrx_word' id='word_1_242' title='bbox 481 3350 505 3388; x_wconf 89' lang='lat'>2.</span> <span class='ocrx_word' id='word_1_243' title='bbox 519 3349 562 3388; x_wconf 84' lang='lat'>20.</span> <span class='ocrx_word' id='word_1_244' title='bbox 600 3336 657 3388; x_wconf 84' lang='lat' dir='ltr'>For</span> <span class='ocrx_word' id='word_1_245' title='bbox 670 3351 858 3389; x_wconf 88' lang='lat' dir='ltr'>concurrence</span> <span class='ocrx_word' id='word_1_246' title='bbox 871 3333 903 3387; x_wconf 86' lang='lat' dir='ltr'>ol</span> <span class='ocrx_word' id='word_1_247' title='bbox 918 3333 1028 3387; x_wconf 89' lang='lat' dir='ltr'>actions</span> <span class='ocrx_word' id='word_1_248' title='bbox 1041 3350 1079 3387; x_wconf 88' lang='lat' dir='ltr'>on</span> <span class='ocrx_word' id='word_1_249' title='bbox 1092 3333 1140 3388; x_wconf 90' lang='lat' dir='ltr'>the</span> <span class='ocrx_word' id='word_1_250' title='bbox 1154 3350 1233 3387; x_wconf 90' lang='lat' dir='ltr'>same</span> <span class='ocrx_word' id='word_1_251' title='bbox 1247 3343 1289 3387; x_wconf 91' lang='lat' dir='ltr'>set</span> 
     </span>
     <span class='ocr_line' id='line_1_29' title="bbox 137 3417 660 3486; baseline 0.004 -16"><span class='ocrx_word' id='word_1_252' title='bbox 137 3418 170 3470; x_wconf 85' lang='lat' dir='ltr'>of</span> <span class='ocrx_word' id='word_1_253' title='bbox 178 3418 399 3472; x_wconf 88' lang='lat' dir='ltr'>circumstances</span> <span class='ocrx_word' id='word_1_254' title='bbox 412 3434 460 3471; x_wconf 90' lang='lat' dir='ltr'>see</span> <span class='ocrx_word' id='word_1_255' title='bbox 474 3417 528 3472; x_wconf 87' lang='lat' dir='ltr'>Tit</span> <span class='ocrx_word' id='word_1_256' title='bbox 543 3432 568 3486; x_wconf 90' lang='lat'>9.</span> <span class='ocrx_word' id='word_1_257' title='bbox 585 3432 595 3471; x_wconf 95' lang='lat'><em>1</em></span> <span class='ocrx_word' id='word_1_258' title='bbox 611 3417 660 3472; x_wconf 86' lang='lat' dir='ltr'>inl.</span> 
     </span>
    </p>

    <p class='ocr_par' dir='ltr' id='par_1_4' title="bbox 136 3497 1289 4154">
     <span class='ocr_line' id='line_1_30' title="bbox 174 3497 1289 3570; baseline -0.002 -16"><span class='ocrx_word' id='word_1_259' title='bbox 174 3499 231 3570; x_wconf 59' lang='lat' dir='ltr'>§a</span> <span class='ocrx_word' id='word_1_260' title='bbox 250 3503 290 3554; x_wconf 87' lang='lat' dir='ltr'>As</span> <span class='ocrx_word' id='word_1_261' title='bbox 309 3501 367 3555; x_wconf 86' lang='lat' dir='ltr'>lree</span> <span class='ocrx_word' id='word_1_262' title='bbox 386 3517 504 3570; x_wconf 90' lang='lat' dir='ltr'>persons</span> <span class='ocrx_word' id='word_1_263' title='bbox 522 3502 585 3555; x_wconf 92' lang='lat' dir='ltr'>who</span> <span class='ocrx_word' id='word_1_264' title='bbox 604 3501 688 3555; x_wconf 89' lang='lat' dir='ltr'>could</span> <span class='ocrx_word' id='word_1_265' title='bbox 707 3500 742 3555; x_wconf 90' lang='lat' dir='ltr'>be</span> <span class='ocrx_word' id='word_1_266' title='bbox 761 3501 862 3568; x_wconf 89' lang='lat' dir='ltr'>stolen,</span> <span class='ocrx_word' id='word_1_267' title='bbox 875 3499 989 3554; x_wconf 84' lang='lat' dir='ltr'>besides</span> <span class='ocrx_word' id='word_1_268' title='bbox 1003 3497 1130 3552; x_wconf 90' lang='lat' dir='ltr'>children</span> <span class='ocrx_word' id='word_1_269' title='bbox 1143 3497 1172 3551; x_wconf 92' lang='lat' dir='ltr'>in</span> <span class='ocrx_word' id='word_1_270' title='bbox 1187 3514 1289 3567; x_wconf 84' lang='lat' dir='ltr'>power,</span> 
     </span>
     <span class='ocr_line' id='line_1_31' title="bbox 138 3581 1289 3653; baseline -0.003 -16"><span class='ocrx_word' id='word_1_271' title='bbox 138 3584 226 3638; x_wconf 87' lang='lat' dir='ltr'>Gaius</span> <span class='ocrx_word' id='word_1_272' title='bbox 240 3585 343 3653; x_wconf 88' lang='lat' dir='ltr'>speaks</span> <span class='ocrx_word' id='word_1_273' title='bbox 356 3584 388 3637; x_wconf 83' lang='lat' dir='ltr'>ol</span> <span class='ocrx_word' id='word_1_274' title='bbox 398 3584 481 3638; x_wconf 88' lang='lat' dir='ltr'>wives</span> <span class='ocrx_word' id='word_1_275' title='bbox 495 3584 523 3637; x_wconf 93' lang='lat' dir='ltr'>in</span> <span class='ocrx_word' id='word_1_276' title='bbox 536 3601 630 3653; x_wconf 88' lang='lat' dir='ltr'>manu,</span> <span class='ocrx_word' id='word_1_277' title='bbox 647 3583 761 3638; x_wconf 89' lang='lat' dir='ltr'>iudicati</span> <span class='ocrx_word' id='word_1_278' title='bbox 777 3583 928 3647; x_wconf 86' lang='lat' dir='ltr'>(insolvent</span> <span class='ocrx_word' id='word_1_279' title='bbox 942 3582 1057 3636; x_wconf 90' lang='lat' dir='ltr'>debtors</span> <span class='ocrx_word' id='word_1_280' title='bbox 1071 3582 1133 3633; x_wconf 88' lang='lat' dir='ltr'>who</span> <span class='ocrx_word' id='word_1_281' title='bbox 1146 3581 1204 3634; x_wconf 84' lang='lat' dir='ltr'>had</span> <span class='ocrx_word' id='word_1_282' title='bbox 1216 3581 1289 3634; x_wconf 88' lang='lat' dir='ltr'>been</span> 
     </span>
     <span class='ocr_line' id='line_1_32' title="bbox 137 3662 1289 3734; baseline -0.003 -13"><span class='ocrx_word' id='word_1_283' title='bbox 137 3667 259 3733; x_wconf 90' lang='lat' dir='ltr'>addicti)</span> <span class='ocrx_word' id='word_1_284' title='bbox 269 3666 326 3720; x_wconf 91' lang='lat' dir='ltr'>and</span> <span class='ocrx_word' id='word_1_285' title='bbox 339 3666 417 3720; x_wconf 90' lang='lat' dir='ltr'>hired</span> <span class='ocrx_word' id='word_1_286' title='bbox 430 3666 584 3734; x_wconf 82' lang='lat' dir='ltr'>gladiators</span> <span class='ocrx_word' id='word_1_287' title='bbox 598 3665 762 3731; x_wconf 81' lang='lat' dir='ltr'>(auctorati)</span> <span class='ocrx_word' id='word_1_288' title='bbox 775 3684 780 3719; x_wconf 93' lang='lat'>:</span> <span class='ocrx_word' id='word_1_289' title='bbox 800 3666 848 3720; x_wconf 88' lang='lat' dir='ltr'>the</span> <span class='ocrx_word' id='word_1_290' title='bbox 862 3665 971 3720; x_wconf 84' lang='lat' dir='ltr'>offence</span> <span class='ocrx_word' id='word_1_291' title='bbox 984 3664 1067 3718; x_wconf 89' lang='lat' dir='ltr'>could</span> <span class='ocrx_word' id='word_1_292' title='bbox 1080 3664 1116 3717; x_wconf 90' lang='lat' dir='ltr'>be</span> <span class='ocrx_word' id='word_1_293' title='bbox 1129 3662 1289 3732; x_wconf 87' lang='lat' dir='ltr'>proceeded</span> 
     </span>
     <span class='ocr_line' id='line_1_33' title="bbox 137 3745 1288 3817; baseline -0.003 -14"><span class='ocrx_word' id='word_1_294' title='bbox 137 3750 248 3817; x_wconf 82' lang='lat' dir='ltr'>against</span> <span class='ocrx_word' id='word_1_295' title='bbox 262 3750 419 3817; x_wconf 87' lang='lat' dir='ltr'>criminally</span> <span class='ocrx_word' id='word_1_296' title='bbox 428 3750 517 3804; x_wconf 91' lang='lat' dir='ltr'>under</span> <span class='ocrx_word' id='word_1_297' title='bbox 530 3751 578 3804; x_wconf 93' lang='lat' dir='ltr'>the</span> <span class='ocrx_word' id='word_1_298' title='bbox 591 3751 635 3805; x_wconf 88' lang='lat' dir='ltr'>lex</span> <span class='ocrx_word' id='word_1_299' title='bbox 651 3750 748 3817; x_wconf 87' lang='lat' dir='ltr'>Fabia,</span> <span class='ocrx_word' id='word_1_300' title='bbox 757 3749 811 3803; x_wconf 90' lang='lat' dir='ltr'>Tit.</span> <span class='ocrx_word' id='word_1_301' title='bbox 826 3750 864 3802; x_wconf 82' lang='lat'>18.</span> <span class='ocrx_word' id='word_1_302' title='bbox 880 3748 968 3802; x_wconf 83' lang='lat' dir='ltr'>roinl.</span> <span class='ocrx_word' id='word_1_303' title='bbox 996 3746 1130 3802; x_wconf 88' lang='lat' dir='ltr'>Children</span> <span class='ocrx_word' id='word_1_304' title='bbox 1144 3745 1172 3799; x_wconf 90' lang='lat' dir='ltr'>in</span> <span class='ocrx_word' id='word_1_305' title='bbox 1186 3763 1288 3816; x_wconf 90' lang='lat' dir='ltr'>power,</span> 
     </span>
     <span class='ocr_line' id='line_1_34' title="bbox 137 3829 1286 3902; baseline -0.003 -15"><span class='ocrx_word' id='word_1_306' title='bbox 137 3833 160 3887; x_wconf 86' lang='lat' dir='ltr'>ir</span> <span class='ocrx_word' id='word_1_307' title='bbox 170 3835 269 3901; x_wconf 88' lang='lat' dir='ltr'>stolen,</span> <span class='ocrx_word' id='word_1_308' title='bbox 284 3851 355 3888; x_wconf 86' lang='lat' dir='ltr'>were</span> <span class='ocrx_word' id='word_1_309' title='bbox 375 3834 528 3888; x_wconf 86' lang='lat' dir='ltr'>recovered</span> <span class='ocrx_word' id='word_1_310' title='bbox 545 3834 583 3902; x_wconf 87' lang='lat' dir='ltr'>by</span> <span class='ocrx_word' id='word_1_311' title='bbox 597 3833 758 3900; x_wconf 83' lang='lat' dir='ltr'>vindicatio,</span> <span class='ocrx_word' id='word_1_312' title='bbox 776 3832 981 3901; x_wconf 82' lang='lat' dir='ltr'>Dig.6.1.1.2,</span> <span class='ocrx_word' id='word_1_313' title='bbox 995 3831 1130 3899; x_wconf 79' lang='lat' dir='ltr'>damages</span> <span class='ocrx_word' id='word_1_314' title='bbox 1150 3829 1177 3883; x_wconf 91' lang='lat' dir='ltr'>in</span> <span class='ocrx_word' id='word_1_315' title='bbox 1197 3829 1286 3884; x_wconf 88' lang='lat' dir='ltr'>which</span> 
     </span>
     <span class='ocr_line' id='line_1_35' title="bbox 136 3912 1288 3986; baseline -0.005 -16"><span class='ocrx_word' id='word_1_316' title='bbox 136 3935 209 3971; x_wconf 86' lang='lat' dir='ltr'>were</span> <span class='ocrx_word' id='word_1_317' title='bbox 229 3917 378 3972; x_wconf 88' lang='lat' dir='ltr'>estimated</span> <span class='ocrx_word' id='word_1_318' title='bbox 396 3918 434 3986; x_wconf 91' lang='lat' dir='ltr'>by</span> <span class='ocrx_word' id='word_1_319' title='bbox 452 3918 500 3971; x_wconf 90' lang='lat' dir='ltr'>the</span> <span class='ocrx_word' id='word_1_320' title='bbox 519 3917 672 3986; x_wconf 88' lang='lat' dir='ltr'>pecuniary</span> <span class='ocrx_word' id='word_1_321' title='bbox 690 3918 748 3971; x_wconf 90' lang='lat' dir='ltr'>loss</span> <span class='ocrx_word' id='word_1_322' title='bbox 767 3916 857 3969; x_wconf 87' lang='lat' dir='ltr'>which</span> <span class='ocrx_word' id='word_1_323' title='bbox 879 3917 927 3970; x_wconf 89' lang='lat' dir='ltr'>the</span> <span class='ocrx_word' id='word_1_324' title='bbox 946 3926 1027 3985; x_wconf 89' lang='lat' dir='ltr'>pater</span> <span class='ocrx_word' id='word_1_325' title='bbox 1039 3913 1096 3967; x_wconf 90' lang='lat' dir='ltr'>had</span> <span class='ocrx_word' id='word_1_326' title='bbox 1115 3912 1245 3980; x_wconf 84' lang='lat' dir='ltr'>suffered,</span> <span class='ocrx_word' id='word_1_327' title='bbox 1258 3916 1288 3965; x_wconf 83' lang='grc' dir='ltr'>τὸ</span> 
     </span>
     <span class='ocr_line' id='line_1_36' title="bbox 137 3999 1287 4070; baseline -0.004 -16"><span class='ocrx_word' id='word_1_328' title='bbox 137 4002 263 4069; x_wconf 61' lang='lat' dir='ltr'>darioque</span> <span class='ocrx_word' id='word_1_329' title='bbox 281 4002 429 4070; x_wconf 86' lang='lat' dir='ltr'>Theoph:</span> <span class='ocrx_word' id='word_1_330' title='bbox 449 4000 484 4054; x_wconf 88' lang='lat' dir='ltr'>cf.</span> <span class='ocrx_word' id='word_1_331' title='bbox 503 4000 558 4054; x_wconf 86' lang='lat' dir='ltr'>Tit.</span> <span class='ocrx_word' id='word_1_332' title='bbox 581 4013 603 4068; x_wconf 83' lang='grc'>5.</span> <span class='ocrx_word' id='word_1_333' title='bbox 621 4016 630 4054; x_wconf 94' lang='lat'>1</span> <span class='ocrx_word' id='word_1_334' title='bbox 648 4000 695 4054; x_wconf 85' lang='lat' dir='ltr'>ins.</span> <span class='ocrx_word' id='word_1_335' title='bbox 709 4000 762 4054; x_wconf 91' lang='lat' dir='ltr'>‘ob</span> <span class='ocrx_word' id='word_1_336' title='bbox 776 3999 921 4053; x_wconf 90' lang='lat' dir='ltr'>hominem</span> <span class='ocrx_word' id='word_1_337' title='bbox 933 3999 1052 4053; x_wconf 89' lang='lat' dir='ltr'>liberum</span> <span class='ocrx_word' id='word_1_338' title='bbox 1067 4036 1074 4050; x_wconf 98' lang='lat'>.</span> <span class='ocrx_word' id='word_1_339' title='bbox 1088 4040 1094 4051; x_wconf 91' lang='lat'>.</span> <span class='ocrx_word' id='word_1_340' title='bbox 1110 4040 1115 4051; x_wconf 95' lang='lat'>.</span> <span class='ocrx_word' id='word_1_341' title='bbox 1129 4039 1135 4050; x_wconf 93' lang='lat'>.</span> <span class='ocrx_word' id='word_1_342' title='bbox 1150 4006 1287 4067; x_wconf 88' lang='lat' dir='ltr'>quantum</span> 
     </span>
     <span class='ocr_line' id='line_1_37' title="bbox 139 4083 701 4154; baseline -0.002 -17"><span class='ocrx_word' id='word_1_343' title='bbox 139 4085 252 4138; x_wconf 88' lang='lat' dir='ltr'>obeam</span> <span class='ocrx_word' id='word_1_344' title='bbox 266 4101 326 4138; x_wconf 89' lang='lat' dir='ltr'>rem</span> <span class='ocrx_word' id='word_1_345' title='bbox 340 4100 461 4154; x_wconf 91' lang='lat' dir='ltr'>aequum</span> <span class='ocrx_word' id='word_1_346' title='bbox 476 4083 559 4137; x_wconf 89' lang='lat' dir='ltr'>iudici</span> <span class='ocrx_word' id='word_1_347' title='bbox 574 4084 701 4138; x_wconf 84' lang='lat' dir='ltr'>videtur.&#39;</span> 
     </span>
    </p>

    <p class='ocr_par' dir='ltr' id='par_1_5' title="bbox 135 4162 1288 4571">
     <span class='ocr_line' id='line_1_38' title="bbox 174 4162 1288 4236; baseline -0.005 -16"><span class='ocrx_word' id='word_1_348' title='bbox 174 4164 248 4236; x_wconf 63' lang='lat' dir='ltr'>llo.</span> <span class='ocrx_word' id='word_1_349' title='bbox 268 4167 352 4221; x_wconf 83' lang='lat' dir='ltr'>Their</span> <span class='ocrx_word' id='word_1_350' title='bbox 371 4168 404 4220; x_wconf 84' lang='lat' dir='ltr'>ol</span> <span class='ocrx_word' id='word_1_351' title='bbox 419 4184 437 4220; x_wconf 92' lang='lat' dir='ltr'>a</span> <span class='ocrx_word' id='word_1_352' title='bbox 459 4184 503 4221; x_wconf 91' lang='lat' dir='ltr'>res</span> <span class='ocrx_word' id='word_1_353' title='bbox 522 4184 574 4220; x_wconf 92' lang='lat' dir='ltr'>sua</span> <span class='ocrx_word' id='word_1_354' title='bbox 593 4184 649 4221; x_wconf 88' lang='lat' dir='ltr'>was</span> <span class='ocrx_word' id='word_1_355' title='bbox 669 4183 701 4221; x_wconf 92' lang='lat' dir='ltr'>so</span> <span class='ocrx_word' id='word_1_356' title='bbox 720 4182 892 4220; x_wconf 90' lang='lat' dir='ltr'>uncommon</span> <span class='ocrx_word' id='word_1_357' title='bbox 911 4183 928 4220; x_wconf 90' lang='lat' dir='ltr'>a</span> <span class='ocrx_word' id='word_1_358' title='bbox 946 4182 1012 4219; x_wconf 84' lang='lat' dir='ltr'>case</span> <span class='ocrx_word' id='word_1_359' title='bbox 1031 4165 1092 4218; x_wconf 90' lang='lat' dir='ltr'>that</span> <span class='ocrx_word' id='word_1_360' title='bbox 1112 4163 1141 4217; x_wconf 91' lang='lat' dir='ltr'>in</span> <span class='ocrx_word' id='word_1_361' title='bbox 1162 4162 1288 4231; x_wconf 81' lang='lat' dir='ltr'>defining</span> 
     </span>
     <span class='ocr_line' id='line_1_39' title="bbox 137 4243 1286 4319; baseline -0.004 -16"><span class='ocrx_word' id='word_1_362' title='bbox 137 4251 239 4304; x_wconf 84' lang='lat' dir='ltr'>furtum</span> <span class='ocrx_word' id='word_1_363' title='bbox 262 4251 310 4305; x_wconf 90' lang='lat' dir='ltr'>the</span> <span class='ocrx_word' id='word_1_364' title='bbox 326 4250 424 4319; x_wconf 85' lang='lat' dir='ltr'>jurists</span> <span class='ocrx_word' id='word_1_365' title='bbox 442 4251 519 4304; x_wconf 85' lang='lat' dir='ltr'>often</span> <span class='ocrx_word' id='word_1_366' title='bbox 539 4250 630 4319; x_wconf 83' lang='lat' dir='ltr'>forget</span> <span class='ocrx_word' id='word_1_367' title='bbox 643 4260 673 4304; x_wconf 93' lang='lat' dir='ltr'>to</span> <span class='ocrx_word' id='word_1_368' title='bbox 691 4250 757 4304; x_wconf 89' lang='lat' dir='ltr'>take</span> <span class='ocrx_word' id='word_1_369' title='bbox 773 4249 793 4303; x_wconf 92' lang='lat' dir='ltr'>it</span> <span class='ocrx_word' id='word_1_370' title='bbox 813 4249 873 4302; x_wconf 89' lang='lat' dir='ltr'>into</span> <span class='ocrx_word' id='word_1_371' title='bbox 890 4246 1113 4302; x_wconf 89' lang='lat' dir='ltr'>consideration:</span> <span class='ocrx_word' id='word_1_372' title='bbox 1144 4243 1286 4315; x_wconf 73' lang='lat' dir='ltr'>§dsupr.,</span> 
     </span>
     <span class='ocr_line' id='line_1_40' title="bbox 137 4331 1286 4388; baseline -0.003 -2"><span class='ocrx_word' id='word_1_373' title='bbox 137 4350 196 4387; x_wconf 86' lang='lat' dir='ltr'>rem</span> <span class='ocrx_word' id='word_1_374' title='bbox 210 4335 331 4388; x_wconf 88' lang='lat' dir='ltr'>alienam</span> <span class='ocrx_word' id='word_1_375' title='bbox 345 4353 351 4387; x_wconf 75' lang='grc' dir='ltr'><strong>ε</strong></span> <span class='ocrx_word' id='word_1_376' title='bbox 371 4334 407 4387; x_wconf 85' lang='lat' dir='ltr'>cl.</span> <span class='ocrx_word' id='word_1_377' title='bbox 420 4332 551 4387; x_wconf 90' lang='lat' dir='ltr'>Sabinus’</span> <span class='ocrx_word' id='word_1_378' title='bbox 561 4332 706 4387; x_wconf 86' lang='lat' dir='ltr'>definition</span> <span class='ocrx_word' id='word_1_379' title='bbox 721 4332 749 4386; x_wconf 91' lang='lat' dir='ltr'>in</span> <span class='ocrx_word' id='word_1_380' title='bbox 763 4333 835 4386; x_wconf 91' lang='lat' dir='ltr'>Gell.</span> <span class='ocrx_word' id='word_1_381' title='bbox 850 4347 888 4386; x_wconf 89' lang='lat' dir='ltr'>rr.</span> <span class='ocrx_word' id='word_1_382' title='bbox 904 4333 934 4385; x_wconf 88' lang='lat'>18</span> <span class='ocrx_word' id='word_1_383' title='bbox 947 4331 1004 4385; x_wconf 90' lang='lat' dir='ltr'>and</span> <span class='ocrx_word' id='word_1_384' title='bbox 1016 4332 1092 4384; x_wconf 81' lang='lat' dir='ltr'>Paul</span> <span class='ocrx_word' id='word_1_385' title='bbox 1108 4339 1179 4384; x_wconf 90' lang='lat' dir='ltr'>sent.</span> <span class='ocrx_word' id='word_1_386' title='bbox 1192 4346 1246 4382; x_wconf 89' lang='lat' dir='ltr'>rec.</span> <span class='ocrx_word' id='word_1_387' title='bbox 1261 4344 1286 4383; x_wconf 83' lang='lat'>2.</span> 
     </span>
     <span class='ocr_line' id='line_1_41' title="bbox 137 4413 1286 4487; baseline -0.003 -18"><span class='ocrx_word' id='word_1_388' title='bbox 137 4431 180 4485; x_wconf 87' lang='lat'>3¹·</span> <span class='ocrx_word' id='word_1_389' title='bbox 193 4433 202 4471; x_wconf 94' lang='lat'>1</span> <span class='ocrx_word' id='word_1_390' title='bbox 214 4417 289 4472; x_wconf 89' lang='lat' dir='ltr'>cited</span> <span class='ocrx_word' id='word_1_391' title='bbox 299 4435 336 4470; x_wconf 92' lang='lat' dir='ltr'>on</span> <span class='ocrx_word' id='word_1_392' title='bbox 348 4418 388 4486; x_wconf 92' lang='lat'>(1)</span> <span class='ocrx_word' id='word_1_393' title='bbox 399 4434 426 4487; x_wconf 91' lang='lat' dir='ltr'>p.</span> <span class='ocrx_word' id='word_1_394' title='bbox 434 4431 488 4485; x_wconf 85' lang='lat'>499</span> <span class='ocrx_word' id='word_1_395' title='bbox 495 4433 570 4486; x_wconf 89' lang='lat' dir='ltr'>supr.</span> <span class='ocrx_word' id='word_1_396' title='bbox 599 4417 702 4471; x_wconf 80' lang='lat' dir='ltr'>l&#39;aulus</span> <span class='ocrx_word' id='word_1_397' title='bbox 712 4432 783 4470; x_wconf 86' lang='lat' dir='ltr'>even</span> <span class='ocrx_word' id='word_1_398' title='bbox 796 4432 865 4484; x_wconf 83' lang='lat' dir='ltr'>goes</span> <span class='ocrx_word' id='word_1_399' title='bbox 874 4432 906 4469; x_wconf 91' lang='lat' dir='ltr'>so</span> <span class='ocrx_word' id='word_1_400' title='bbox 916 4416 958 4469; x_wconf 86' lang='lat' dir='ltr'>lar</span> <span class='ocrx_word' id='word_1_401' title='bbox 966 4432 997 4469; x_wconf 89' lang='lat' dir='ltr'>as</span> <span class='ocrx_word' id='word_1_402' title='bbox 1006 4425 1035 4468; x_wconf 92' lang='lat' dir='ltr'>to</span> <span class='ocrx_word' id='word_1_403' title='bbox 1046 4430 1096 4482; x_wconf 87' lang='lat' dir='ltr'>say</span> <span class='ocrx_word' id='word_1_404' title='bbox 1106 4414 1113 4441; x_wconf 92' lang='lat'>‘</span> <span class='ocrx_word' id='word_1_405' title='bbox 1122 4413 1161 4467; x_wconf 88' lang='lat' dir='ltr'>rei</span> <span class='ocrx_word' id='word_1_406' title='bbox 1173 4422 1286 4466; x_wconf 89' lang='lat' dir='ltr'>nostrae</span> 
     </span>
     <span class='ocr_line' id='line_1_42' title="bbox 135 4496 1284 4571; baseline -0.003 -17"><span class='ocrx_word' id='word_1_407' title='bbox 135 4501 239 4555; x_wconf 85' lang='lat' dir='ltr'>furtum</span> <span class='ocrx_word' id='word_1_408' title='bbox 260 4501 353 4558; x_wconf 83' lang='lat' dir='ltr'>lacere</span> <span class='ocrx_word' id='word_1_409' title='bbox 378 4517 435 4555; x_wconf 86' lang='lat' dir='ltr'>non</span> <span class='ocrx_word' id='word_1_410' title='bbox 456 4502 624 4571; x_wconf 87' lang='lat' dir='ltr'>possumus’</span> <span class='ocrx_word' id='word_1_411' title='bbox 644 4500 681 4556; x_wconf 89' lang='lat' dir='ltr'>ib.</span> <span class='ocrx_word' id='word_1_412' title='bbox 702 4515 745 4556; x_wconf 83' lang='lat'>21.</span> <span class='ocrx_word' id='word_1_413' title='bbox 781 4502 827 4554; x_wconf 84' lang='lat' dir='ltr'>An</span> <span class='ocrx_word' id='word_1_414' title='bbox 849 4517 944 4556; x_wconf 90' lang='lat' dir='ltr'>owner</span> <span class='ocrx_word' id='word_1_415' title='bbox 963 4498 1129 4554; x_wconf 86' lang='lat' dir='ltr'>committed</span> <span class='ocrx_word' id='word_1_416' title='bbox 1152 4497 1224 4553; x_wconf 85' lang='lat' dir='ltr'>thefr</span> <span class='ocrx_word' id='word_1_417' title='bbox 1247 4496 1284 4567; x_wconf 81' lang='lat' dir='ltr'>by</span> 
     </span>
    </p>
   </div>
   <div class='ocr_carea' id='block_1_4' title="bbox 0 0 1498 5048">
    <p class='ocr_par' dir='ltr' id='par_1_6' title="bbox 0 0 1498 5048">
     <span class='ocr_line' id='line_1_43' title="bbox 0 0 1498 5048; baseline 0 1"><span class='ocrx_word' id='word_1_418' title='bbox 0 0 1498 5048; x_wconf 95' lang='lat' dir='ltr'> </span> 
     </span>
    </p>
   </div>
  </div>
 </body>
</html>
