2986 5048
184 348 248 440 348
384 352 737 415 INSTITUYIONUM
755 350 874 409 LIBRI
891 348 1129 423 QUATTUOR.
1218 348 1344 419 [Liussi.

185 544 243 587 eos
261 522 294 586 in
316 520 452 605 plenum
474 538 594 586 causae
616 518 742 584 mederi
765 513 969 581 invenimus:
996 534 1099 599 quare
1121 511 1250 579 etenim
1273 532 1343 579 uno

185 628 370 708 eodemque
396 627 501 709 gradu
532 623 673 689 naturali
699 629 913 688 concurrente
936 629 971 685 et
996 618 1209 702 adgnationis
1232 619 1344 683 titulis

185 738 256 794 tam
287 732 319 793 in
351 730 505 794 masculis
535 749 635 811 quam
662 728 696 792 in
725 727 857 791 leminis
889 745 995 808 aequa
1024 724 1118 788 lance
1147 722 1344 788 constitutis

186 834 342 898 masculis
366 835 502 916 quidem
533 833 677 898 dabatur
700 833 743 897 ad
773 830 1013 895 successionem
1044 828 1157 892 venire
1187 828 1344 891 omnium

186 938 414 1021 adgnatorum,
432 957 476 1001 ex
491 937 645 1019 adgnatis
665 943 778 999 autem
800 933 992 997 mulieribus
1012 930 1112 995 nullis
1127 931 1265 1014 penitus
1280 930 1345 995 nisi

185 1041 249 1105 soli
267 1042 369 1104 sorori
389 1042 432 1105 ad
455 1042 676 1122 adgnatomm
697 1039 937 1103 successionem
952 1036 1092 1120 patebat
1105 1035 1242 1100 aditus?
1265 1034 1345 1100 ideo

187 1143 221 1206 in
248 1144 382 1227 plenum
404 1146 517 1208 omnia
539 1143 734 1207 reducentes
757 1152 791 1206 et
813 1141 856 1204 ad
879 1142 930 1204 ius
953 1139 1130 1204 duodecim
1150 1136 1345 1203 tabularum

187 1247 328 1311 eandem
339 1247 591 1329 dispositionem
608 1254 833 1328 exaequantes
849 1253 961 1308 nostra
974 1242 1210 1308 constitutione
1227 1242 1345 1307 sanxi·

187 1370 262 1415 mus
291 1371 407 1415 omnes
444 1351 610 1433 legitimas
639 1370 806 1432 personas,
833 1348 867 1413 id
897 1356 948 1413 est
977 1367 1036 1431 per
1060 1344 1188 1409 virilem
1220 1364 1346 1411 sexum

187 1455 436 1533 descendentes,
451 1457 520 1520 sive
536 1453 707 1519 masculini
730 1454 799 1519 sive
821 1452 969 1516 feminini
987 1451 1117 1534 generis
1140 1458 1226 1528 sunt,
1242 1449 1345 1515 simili

189 1561 290 1622 modo
325 1560 369 1623 ad
399 1560 469 1623 iura
506 1558 721 1624 successionis
759 1558 927 1640 legitimae
963 1559 1007 1621 ab
1041 1555 1201 1619 intestato
1230 1554 1346 1619 vocari

189 1662 370 1727 secundum
394 1662 516 1744 gradus
544 1662 594 1727 sui
620 1664 885 1746 praerogativam
916 1679 977 1724 nec
1002 1658 1078 1723 ideo
1105 1657 1347 1737 excludendas,

160 1769 267 1849 squia
282 1768 576 1849 consanguinitatis
598 1767 667 1830 iura
688 1766 785 1831 sicuti
807 1785 984 1848 germanae
999 1783 1066 1827 non
1081 1760 1217 1826 habent.
1266 1760 1346 1826 Hoc

190 1873 291 1936 etiam
329 1871 520 1935 addendum
558 1879 691 1935 nostrae
728 1868 957 1934 constitutioni
995 1865 1274 1941 existimavimus,
1306 1873 1346 1929 ut

189 1973 404 2038 transferatur
429 1995 514 2039 unus
537 1975 770 2038 tantummodo
792 1972 914 2056 gradus
936 1993 957 2036 a
980 1971 1050 2035 iure
1074 1968 1284 2052 cognationis
1309 1967 1346 2033 in

189 2076 375 2159 legitimam
404 2078 653 2155 successionem,
678 2085 715 2139 ut
741 2096 807 2141 non
833 2074 942 2141 solum
969 2074 1077 2140 fratris
1103 2072 1189 2137 filius
1213 2080 1249 2135 et
1276 2070 1347 2137 filia

190 2179 374 2245 secundum
393 2181 484 2262 quod
509 2181 575 2244 iam
599 2179 806 2246 definivimus
827 2180 871 2244 ad
895 2178 1137 2243 successionem
1159 2175 1272 2259 patrui
1293 2174 1347 2240 sui

191 2291 357 2361 vocentur,
394 2284 454 2348 sed
492 2285 593 2371 etiam
630 2304 808 2366 germanae
843 2283 1108 2364 consanguineae
1139 2280 1192 2344 vel
1222 2280 1347 2346 sororis

191 2388 339 2450 uterinae
361 2386 448 2452 filius
471 2396 504 2451 et
527 2386 593 2453 filia
615 2388 676 2453 soli
700 2399 733 2452 et
756 2409 822 2453 non
837 2388 991 2471 deinceps
1007 2406 1168 2469 personae
1185 2405 1252 2449 una
1268 2403 1347 2448 cum

190 2491 243 2556 his
258 2491 301 2555 ad
317 2492 387 2555 iura
401 2492 554 2556 avunculi
573 2494 622 2557 sui
642 2493 834 2577 perveniant
856 2502 891 2557 et
915 2501 1045 2556 mortuo
1068 2510 1117 2569 eo,
1133 2489 1191 2572 qui
1206 2496 1347 2572 patruus

190 2595 328 2677 quidem
358 2604 408 2660 est
437 2595 546 2660 sratris
577 2598 627 2660 sui
657 2596 742 2674 filiis,
768 2595 950 2661 avunculus
980 2603 1093 2660 autem
1120 2592 1241 2657 sororis
1265 2612 1348 2656 suae

191 2698 308 2774 suboli,
325 2698 423 2762 simili
446 2699 547 2763 modo
569 2700 612 2764 ab
634 2708 774 2782 utroque
797 2700 899 2763 latere
921 2697 1109 2776 succedant,
1123 2704 1299 2779 tamquam
1317 2695 1347 2761 si

192 2821 308 2867 omnes
324 2824 366 2866 ex
383 2804 537 2868 masculis
553 2804 792 2869 descendentes
807 2803 957 2887 legitimo
976 2804 1046 2866 iure
1060 2801 1203 2878 veniant,
1219 2800 1348 2866 scilicet

193 2904 249 2968 ubi
272 2905 373 2969 irater
394 2915 428 2970 et
451 2927 543 2971 soror
564 2908 759 2990 superstites
782 2928 849 2971 non
872 2917 949 2972 sunt
970 2903 1035 2991 (his
1055 2904 1177 2970 etenim
1194 2903 1347 2987 personis

192 3011 465 3090 praecedentibus
492 3021 525 3076 et
548 3013 789 3076 successionem
816 3010 1070 3076 admittentibus
1097 3008 1197 3073 ceteri
1221 3008 1347 3091 gradus

193 3124 363 3177 remanent
378 3116 510 3198 penitus
526 3114 675 3200 semoti):
697 3118 852 3181 videlicet
872 3116 1056 3180 hereditate
1071 3134 1138 3177 non
1152 3111 1195 3177 ad
1218 3113 1349 3196 stirpes,

192 3307 334 3378 Justinian
356 3310 425 3365 calls
443 3312 492 3367 the
517 3312 611 3367 media
632 3311 858 3381 iurisprudentia,
878 3328 910 3365 or
933 3327 1012 3366 more
1033 3308 1171 3381 precisely
1189 3309 1240 3362 the
1262 3305 1349 3363 inter·

194 3392 315 3461 pretatio
335 3393 469 3461 (General
490 3395 595 3450 Introd.
609 3413 635 3466 p.
649 3409 683 3465 45
697 3394 784 3465 supr.)
804 3396 836 3449 of
850 3395 898 3450 the
917 3396 962 3450 lex
975 3393 1103 3448 Voconia
1119 3392 1158 3462 by
1170 3391 1219 3446 the
1229 3389 1350 3461 jurists;

195 3473 333 3531 ‘feminae
346 3478 384 3531 ad
396 3478 568 3533 hereditates
586 3478 726 3548 legitimas
740 3480 813 3534 ultra
831 3477 1057 3547 consanguineas
1076 3473 1272 3531 successiones
1290 3492 1350 3530 nou

194 3557 388 3629 admittuntur,
398 3560 483 3630 idque
492 3560 551 3615 iure
560 3560 633 3616 civili
644 3561 811 3616 Voconiana
821 3561 929 3616 ratione
940 3561 1051 3616 videtur
1060 3560 1206 3614 effectum:
1221 3567 1350 3613 ceterum

195 3640 239 3695 lex
253 3640 402 3696 duodecim
416 3643 576 3698 tabularum
593 3646 670 3699 nulla
683 3644 852 3701 discretione
865 3662 948 3699 sexus
961 3644 1101 3713 adgnatos
1114 3641 1254 3697 admittit'
1267 3641 1350 3696 Paul.

195 3734 267 3778 sent.
280 3741 336 3780 rec.
349 3740 376 3792 4.
389 3741 412 3795 9.
428 3741 470 3780 22.
508 3729 644 3783 Remoter
652 3728 755 3783 female
765 3740 883 3798 agnates
896 3729 964 3782 than
978 3727 1076 3783 sisters
1086 3726 1143 3781 had
1156 3742 1174 3780 a
1185 3724 1349 3795 praetorias

195 3808 256 3863 title
275 3810 357 3879 only;
375 3812 443 3881 they
461 3813 545 3865 could
563 3812 661 3866 obtain
680 3813 819 3867 bonorum
838 3813 981 3883 possessio
1003 3811 1032 3866 in
1056 3813 1104 3867 the
1121 3809 1197 3864 third
1216 3808 1297 3878 rank,
1317 3824 1350 3863 as

195 3902 331 3960 cognates
351 3894 549 3964 (proximitatis
568 3893 703 3964 nomine),
722 3897 817 3950 unless
836 3895 974 3950 excluded
991 3895 1031 3965 by
1049 3910 1149 3949 nearer
1166 3890 1303 3947 relations
1321 3890 1355 3945 oi

194 3975 243 4028 the
263 3991 341 4029 same
361 3976 443 4031 class.
479 3977 645 4046 Justinian's
658 3988 819 4033 enactment
836 3979 976 4049 restoring
994 3988 1024 4033 to
1041 3980 1120 4034 them
1137 3975 1211 4032 their
1228 3972 1350 4044 original

194 4056 284 4126 rights
298 4057 321 4111 is
335 4058 363 4112 in
378 4060 448 4114 Cod.
461 4060 487 4114 6.
502 4061 543 4129 58.
560 4075 600 4127 14.

231 4140 246 4206 i
259 4142 289 4193 4.
311 4142 375 4195 Into
388 4143 435 4197 the
449 4144 555 4198 second
568 4143 651 4199 order
672 4143 705 4198 oi
713 4143 883 4214 successim,
897 4143 988 4198 which
1006 4160 1075 4213 goes
1092 4141 1237 4212 generally
1248 4141 1289 4211 by
1301 4141 1350 4197 the

194 4224 332 4278 nameus
349 4224 475 4295 legitimi,
497 4227 554 4281 and
573 4227 665 4281 which
687 4228 831 4282 consisted
853 4228 891 4297 by
909 4230 957 4282 the
978 4227 1026 4281 old
1046 4229 1099 4282 law
1117 4226 1150 4280 of
1167 4225 1215 4280 the
1236 4235 1351 4279 nearest

195 4315 313 4374 agnates
333 4308 407 4378 only,
421 4327 493 4364 were
511 4309 651 4365 admitted
670 4311 706 4380 by
720 4310 879 4366 successive
896 4312 1030 4381 changes,
1043 4308 1152 4379 though
1169 4304 1199 4364 in
1217 4307 1350 4364 different

196 4386 314 4454 degrees
327 4389 359 4442 of
367 4390 500 4460 priority:

197 4536 203 4543 ι
233 4466 271 4538 (1)
292 4470 353 4525 The
366 4472 529 4528 deceased’s
541 4476 654 4531 mother
666 4473 690 4530 if
698 4476 750 4529 she
763 4476 820 4530 had
833 4477 881 4531 the
895 4475 938 4527 ins
951 4475 1112 4543 liheromm,
1126 4472 1180 4527 Tit.
1195 4486 1211 4540 3
1225 4472 1276 4527 ini.
1342 4528 1348 4535 ,
