2986 5048
171 370 223 423 Tit.
237 363 272 433 7.]
406 361 467 419 DE
488 362 514 416 S
517 359 774 417 UCCESSIONE
795 361 1080 420 LIBERTORUM.
1254 371 1319 444 359

215 525 380 609 Repetitis
398 526 509 608 itaque
524 524 676 591 omnibus
691 545 778 608 quae
796 525 862 589 iam
879 526 1075 591 tradidimus
1095 537 1232 610 apparet
1254 549 1320 593 non
1335 532 1365 586 ll

170 649 301 712 semper
321 650 387 703 eos,
411 630 469 711 qui
490 648 605 712 parem
627 628 768 709 gradum
789 629 998 711 cognationis
1019 630 1179 713 optinent,
1199 632 1322 714 pariter

169 733 279 797 vocari
310 752 415 814 eoque
441 731 583 814 amplius
614 751 675 795 nec
705 753 782 795 eum
809 733 952 814 quidem,
979 734 1036 815 qui
1066 734 1249 816 proximior
1277 736 1321 800 sit

169 845 339 916 cognatus,
363 855 493 917 semper
516 835 680 916 potiorem
701 855 782 900 esse.
821 855 897 900 cum
919 837 1008 899 enim
1030 837 1137 919 prima
1159 857 1258 901 causa
1277 839 1320 902 sit

170 959 305 1005 suorum
335 938 495 1029 heredum
524 959 672 1020 quosque
694 938 780 1003 inter
801 960 880 1004 suos
899 939 1037 1004 heredes
1060 942 1126 1003 iam
1149 961 1320 1005 enumera-

169 1043 287 1116 vimus,
302 1050 440 1124 apparet
462 1051 678 1124 pronepotem
693 1041 746 1106 vel
767 1040 968 1128 abnepotem
989 1043 1136 1109 defuncti
1157 1045 1321 1127 potiorem

170 1165 244 1210 esse
273 1164 373 1227 quam
403 1144 539 1208 fratrem
567 1155 626 1210 aut
660 1153 789 1227 patrem
821 1156 1028 1230 matremque
1060 1146 1214 1225 defuncti,
1243 1168 1320 1213 cum

169 1248 317 1330 alioquin
337 1258 433 1331 pater
446 1247 581 1330 quidem
605 1258 639 1312 et
660 1259 775 1327 mater,
790 1260 827 1314 ut
847 1270 946 1332 supra
964 1269 1096 1333 quoque
1115 1251 1321 1330 tradidimus,

169 1353 312 1434 primum
327 1352 468 1434 gradum
492 1353 698 1434 cognationis
718 1352 902 1436 optineant,
917 1354 1017 1418 frater
1031 1375 1110 1417 vero
1127 1355 1319 1431 secundum,

168 1476 335 1539 pronepos
349 1465 462 1521 autem
483 1457 581 1520 tertio
601 1457 707 1540 gradu
730 1458 773 1521 sit
793 1467 955 1540 cognatus
970 1466 1003 1522 et
1018 1457 1166 1540 abnepos
1180 1468 1319 1540 quarto:

170 1579 231 1624 nec
247 1560 393 1634 interest,
411 1560 444 1622 in
464 1568 632 1642 potestate
650 1561 820 1624 morientis
841 1560 940 1625 fuerit
959 1581 1001 1624 an
1023 1581 1089 1625 non
1107 1560 1213 1640 fuerit,
1229 1561 1319 1644 quod

168 1661 222 1727 vel
249 1664 477 1747 emancipatus
505 1663 559 1728 vel
589 1685 634 1729 ex
660 1665 868 1747 emancipato
892 1674 951 1730 aut
977 1686 1022 1729 ex
1047 1664 1206 1730 feminino
1235 1686 1318 1732 sexu

169 1778 373 1850 propagatus
386 1777 447 1833 est.
492 1767 630 1833 Amotis
644 1790 777 1851 quoque
795 1769 862 1833 suis
877 1768 1054 1834 heredibus
1071 1789 1220 1852 quosque
1235 1771 1320 1835 inter
1334 1780 1367 1834 12

168 1892 247 1935 suos
281 1871 419 1937 heredes
451 1873 561 1937 vocari
591 1872 747 1951 diximus,
775 1874 950 1956 adgnatus,
979 1874 1036 1956 qui
1069 1873 1233 1956 integrum
1268 1873 1319 1939 ius

168 1975 380 2058 adgnationis
403 1976 516 2050 habet,
543 1975 672 2040 etiamsi
698 1974 889 2059 longissimo
915 1976 1019 2059 gradu
1046 1976 1098 2051 sit,
1124 1976 1320 2058 plerumque

168 2080 279 2160 potior
298 2078 438 2143 habetur
458 2099 559 2161 quam
580 2080 763 2161 proximior
783 2089 962 2163 cognatus:
987 2100 1064 2144 narn
1088 2080 1197 2162 patrui
1215 2099 1319 2161 nepos

168 2180 221 2245 vel
236 2201 401 2265 pronepos
414 2182 577 2249 avunculo
589 2183 641 2247 vel
658 2193 854 2247 materterae
868 2183 1056 2266 praefertur.
1086 2183 1208 2247 totiens
1220 2182 1320 2264 igitur

169 2284 309 2349 dicimus
331 2294 390 2349 aut
412 2288 576 2369 potiorem
595 2286 709 2352 baberi
737 2307 813 2351 eum
839 2288 896 2371 qui
918 2287 1155 2370 proximiorem
1178 2287 1319 2368 gradum

168 2390 376 2471 cognationis
399 2391 537 2472 optinet,
564 2400 623 2456 aut
648 2391 772 2473 pariter
794 2391 903 2457 vocari
926 2392 1062 2474 eosqui
1087 2391 1220 2474 cognati
1243 2391 1318 2467 sint,

167 2493 321 2575 quotiens
356 2515 464 2576 neque
498 2514 633 2558 suorum
669 2494 829 2560 heredum
864 2495 934 2559 iure
968 2496 1090 2577 quique
1125 2494 1210 2557 inter
1242 2514 1320 2557 suos

167 2595 306 2661 heredes
329 2607 407 2661 sunt
430 2617 538 2679 neque
560 2598 770 2680 adgnationis
792 2599 860 2662 iure
880 2597 1001 2680 aliquis
1022 2596 1175 2679 praeferri
1198 2596 1320 2660 debeat

166 2700 351 2763 secundum
367 2719 508 2782 eaquae
523 2701 728 2779 tradidimus,
744 2700 894 2784 exceptis
909 2700 1008 2764 fratre
1030 2710 1064 2765 et
1082 2719 1193 2763 sorore
1208 2718 1321 2762 eman·

167 2802 294 2885 cipatis,
317 2804 373 2885 qui
404 2804 447 2867 ad
477 2805 719 2869 successionem
746 2805 883 2871 fratrum
905 2803 959 2868 vel
982 2823 1130 2868 sororum
1152 2812 1320 2879 vocantur,

167 2908 224 2989 qui
251 2918 285 2972 et
311 2909 338 2972 si
368 2908 479 2991 capite
505 2909 666 2973 deminuti
698 2918 785 2986 sunt,
813 2920 926 2974 tamen
952 2907 1179 2990 praeferuntur
1204 2907 1320 2971 ceteris

168 3009 329 3077 ulterioris
343 3014 466 3097 gradus
480 3014 645 3096 adgnatis.

704 3237 784 3300 VII.

447 3413 498 3465 na
520 3411 768 3465 succassrous
791 3402 1043 3465 tuendorun.
1085 3410 1089 3417 ·

211 3564 310 3627 Nunc
336 3561 380 3626 de
400 3561 593 3626 libertorum
613 3561 708 3625 bonis
729 3561 911 3625 videamus.
964 3559 1044 3624 olim
1065 3561 1178 3643 itaque
1196 3561 1319 3629 licebat

169 3667 288 3732 liberto
311 3676 487 3750 patronum
512 3688 607 3729 suum
632 3666 766 3748 impune
792 3674 995 3730 testamento
1021 3666 1217 3749 praeterire:
1241 3687 1319 3730 nam

167 3772 215 3835 ita
238 3772 373 3835 demum
397 3770 453 3833 lex
480 3770 656 3834 duodecim
682 3769 872 3833 tabularum
895 3769 939 3833 ad
964 3769 1183 3834 hereditatem
1211 3770 1318 3834 liberti

166 3874 308 3939 vocabat
331 3883 517 3957 patronum,
541 3874 568 3937 si
591 3875 767 3938 intestatus
791 3883 940 3938 mortuus
960 3883 1047 3938 esset
1069 3872 1206 3938 libertus
1227 3873 1318 3937 nullo

166 4061 297 4117 nationes
310 4079 368 4117 non
381 4062 538 4132 pertinent!
562 4063 609 4117 On
622 4063 669 4117 the
683 4063 764 4117 other
776 4062 862 4130 hand,
878 4061 984 4133 Ulpian
997 4079 1062 4131 says
1077 4062 1155 4131 (Dig.
1168 4074 1208 4131 50.
1221 4073 1260 4127 17.
1271 4061 1317 4130 32)

167 4145 261 4216 ‘quod
280 4145 380 4201 attinet
393 4145 430 4199 ad
448 4145 491 4201 ius
504 4144 594 4213 civile,
607 4145 679 4200 servi
693 4162 744 4214 pro
756 4145 839 4199 nullis
853 4145 1012 4199 habentur:
1030 4161 1088 4198 non
1103 4154 1199 4199 tamen
1216 4154 1244 4198 et
1258 4143 1317 4199 iure

164 4229 306 4294 naturali;
330 4229 404 4299 quia,
424 4229 501 4300 quod
519 4229 557 4283 ad
576 4228 619 4282 ius
637 4230 765 4283 naturale
783 4228 892 4297 attinet,
912 4245 1011 4283 omnes
1031 4227 1162 4283 homines
1183 4228 1316 4297 aequales

165 4313 249 4368 runt'
284 4311 355 4366 Thm
367 4329 405 4366 no
418 4312 506 4367 doubt
524 4311 548 4366 is
567 4311 623 4366 due
639 4323 669 4366 to
680 4311 725 4365 his
738 4311 903 4366 distinction
916 4311 1042 4366 between
1060 4312 1109 4366 the
1128 4311 1171 4366 ius
1189 4309 1316 4379 gentium

165 4393 225 4451 and
242 4395 291 4449 the
309 4394 353 4449 ius
371 4396 499 4449 naturale
507 4414 515 4459 ;
534 4411 581 4449 see
594 4411 631 4448 on
646 4394 698 4451 Bk.
711 4392 729 4448 i.
746 4409 768 4448 1.
780 4409 806 4462 4,
819 4394 857 4448 ib.
871 4409 895 4448 2.
909 4410 950 4464 pr.
963 4411 1038 4463 supr.
1073 4392 1238 4462 Justinian's
1253 4410 1316 4448 own

164 4485 343 4537 enemente
355 4477 479 4537 referred
490 4487 521 4534 to
533 4477 562 4532 in
575 4477 632 4533 this
644 4477 753 4533 section
765 4494 815 4534 are
827 4477 856 4532 in
870 4477 941 4533 Cod.
954 4478 980 4532 (x
992 4477 1079 4548 57.6;
1097 4477 1122 4532 6.
1136 4491 1161 4544 4
1174 4491 1201 4544 4
