2986 5048
192 369 256 438 232
395 356 544 415 INSTIY
547 356 602 415 UT
600 355 747 413 IONUM
764 353 883 411 LIBRI
901 353 1138 427 QUATTUOR.
1233 357 1296 423 [Lib.
1310 361 1345 410 11.

192 517 319 586 alienus
347 539 479 583 servus:
516 519 607 602 quod
637 515 726 582 enirn
756 514 880 600 placuit
909 517 953 581 de
982 515 1229 596 usufructuario,
1253 517 1343 582 idern

193 623 304 707 placet
319 631 354 687 et
369 623 412 687 de
427 622 537 687 bonae
555 620 633 686 fidei
656 640 854 704 possessore.
898 620 1013 702 itaque
1036 621 1125 704 quod
1147 631 1242 684 extra
1259 622 1344 684 duas

193 728 274 791 istas
292 746 408 791 causas
425 725 616 809 adquiritur,
636 725 669 789 id
692 724 745 788 vel
767 725 810 788 ad
834 724 943 806 ipsum
965 725 1118 806 pertinet,
1139 725 1167 786 si
1186 724 1269 788 liber
1284 733 1344 802 est,

193 830 248 895 vel
261 831 305 895 ad
321 830 502 908 dominum,
517 828 545 892 si
559 849 673 893 servus
687 838 746 893 est
790 828 849 892 sed
864 828 975 892 bonae
990 826 1068 892 fidei
1084 848 1254 911 possessor
1268 848 1343 893 cum

193 934 380 1019 usuceperit
391 954 530 1013 servum,
545 934 624 1016 quia
637 953 678 997 eo
693 933 794 998 modo
809 932 966 997 dominus
981 931 1028 1009 fit,
1045 952 1089 996 ex
1104 933 1345 997 omnibuscau-

193 1039 240 1103 sis
253 1058 313 1122 per
334 1058 410 1102 eum
431 1036 493 1101 sibi
510 1037 684 1120 adquirere
705 1044 835 1120 potest:
863 1035 1059 1099 fructuarius
1073 1056 1151 1100 vero
1166 1054 1345 1116 usucapere

194 1162 263 1207 non
282 1150 404 1225 potest,
422 1141 565 1225 primum
588 1141 666 1223 quia
689 1160 755 1203 non
777 1139 934 1223 possidet,
956 1140 1014 1203 sed
1036 1138 1139 1205 habet
1162 1140 1212 1203 ius
1230 1141 1344 1203 utendi

194 1244 334 1324 fruendi,
357 1245 478 1309 deinde
500 1244 579 1326 quia
600 1243 662 1308 scit
684 1263 814 1307 servum
836 1242 980 1305 alienum
1007 1263 1088 1308 esse.
1144 1263 1212 1307 non
1237 1243 1345 1307 solum

194 1359 309 1415 autem
335 1351 521 1433 proprietas
550 1368 609 1432 per
633 1368 691 1412 eos
715 1368 836 1422 servos,
867 1347 901 1409 in
931 1348 1050 1429 quibus
1080 1368 1176 1411 usum
1203 1347 1346 1412 fructum

193 1452 326 1519 habetis
335 1453 388 1517 vel
398 1474 482 1535 quos
491 1453 582 1517 bona
596 1451 662 1517 fide
673 1451 859 1535 possidetis,
872 1450 925 1514 vel
941 1471 1000 1533 per
1010 1451 1148 1515 liberam
1160 1472 1345 1534 personam,

194 1576 282 1639 quae
297 1557 388 1621 bona
405 1555 472 1620 fide
493 1556 588 1621 vobis
609 1555 718 1635 servit,
740 1555 924 1637 adquiritur
944 1555 1046 1634 vobis,
1069 1556 1127 1620 sed
1148 1556 1249 1620 etiam
1268 1576 1345 1638 pos·

193 1660 319 1725 sessior
357 1659 524 1743 loquimur
560 1668 674 1725 autem
714 1660 748 1722 in
785 1658 954 1740 utriusque
995 1678 1135 1741 persona
1164 1661 1346 1724 secundum

194 1762 433 1839 definitionem,
463 1783 565 1847 quam
596 1762 750 1846 proxime
780 1762 1005 1844 exposuimus,
1043 1762 1077 1826 id
1115 1772 1166 1827 est
1192 1763 1346 1845 siquam

194 1867 437 1949 possessionem
453 1887 497 1930 ex
513 1886 547 1930 re
562 1875 671 1930 vestra
689 1863 743 1929 vel
768 1885 812 1928 ex
834 1864 989 1946 operibus
1005 1864 1072 1927 suis
1087 1866 1200 1947 adepti
1216 1865 1345 1931 luerint.

165 1969 254 2033 tEx
271 1968 324 2033 his
346 1970 458 2053 itaque
480 1977 621 2052 apparet
643 1987 703 2051 per
724 1967 846 2032 liberos
867 1966 1029 2044 homines,
1052 1988 1136 2050 quos
1159 1988 1267 2052 neque
1285 1970 1346 2033 iuri

194 2085 306 2139 vestro
322 2074 489 2139 subiectos
506 2072 637 2138 habetis
655 2093 763 2156 neque
784 2072 873 2135 hona
896 2072 963 2136 fide
985 2073 1169 2155 possidetis,
1186 2074 1267 2137 item
1288 2093 1347 2156 per

194 2176 322 2242 alienos
337 2198 457 2255 servos,
478 2178 512 2242 in
533 2178 652 2260 quibus
671 2197 779 2260 neque
802 2196 899 2239 usum
922 2176 1064 2241 fructum
1086 2176 1216 2242 habetis
1239 2197 1347 2260 neque

194 2280 318 2344 iustam
333 2282 585 2364 possessionem,
606 2280 698 2345 nulla
720 2301 765 2345 ex
787 2300 885 2345 causa
907 2281 1002 2345 vobis
1016 2281 1144 2363 adquiri
1160 2302 1267 2364 posse.
1312 2292 1347 2347 et

193 2383 260 2449 hoc
282 2393 342 2464 est,
365 2388 455 2468 quod
479 2386 600 2450 dicitur
620 2405 680 2470 per
702 2394 898 2450 extraneam
922 2405 1097 2467 personam
1116 2384 1197 2449 nihil
1218 2387 1346 2468 adquiri

195 2509 315 2574 posse:
345 2499 489 2572 excepto
510 2509 559 2569 eo,
588 2490 679 2574 quod
708 2509 768 2572 per
792 2489 931 2553 liberam
958 2509 1132 2572 personam
1159 2490 1261 2554 veluti
1289 2510 1348 2573 per

195 2604 443 2678 procuratorem
467 2592 577 2678 placet
602 2614 668 2659 non
694 2595 801 2658 solum
829 2594 1017 2670 scientibus,
1042 2595 1101 2658 sed
1126 2595 1226 2658 etiam
1253 2597 1346 2677 igno·

195 2699 345 2764 rantibus
368 2699 462 2764 vobis
491 2699 621 2782 adquiri
651 2699 894 2781 possessionem
924 2699 1106 2763 secundum
1135 2700 1201 2763 divi
1234 2698 1347 2765 Severi

195 2802 465 2867 constitutionem
481 2810 516 2866 et
535 2820 596 2884 per
617 2800 702 2865 hanc
725 2800 967 2884 possessionem
991 2803 1091 2865 etiam
1111 2803 1347 2881 dominium,si

195 2905 351 2970 dominus
364 2904 427 2969 suit
441 2906 497 2988 qui
513 2905 659 2978 tradidit.
680 2905 733 2969 vel
754 2906 989 2988 usucapionem
1008 2916 1067 2971 aut
1081 2906 1172 2990 longi
1188 2908 1347 2991 temporis

195 3009 498 3093 praescriptionem,
513 3008 540 3073 si
555 3009 709 3073 dominus
725 3029 791 3073 non
806 3009 858 3074 sit.

194 3228 320 3284 possess,
332 3212 377 3268 for
393 3214 442 3267 the
460 3213 544 3268 latter
561 3228 751 3282 presupposes
768 3228 786 3267 a
800 3210 945 3266 condition
959 3210 988 3265 in
1001 3211 1093 3266 which
1105 3212 1163 3269 free
1176 3211 1286 3268 actions
1299 3229 1347 3269 are

195 3295 331 3367 possible,
345 3296 479 3366 Savigny,
493 3297 573 3351 Post.
588 3297 603 3364 t
617 3310 642 3365 9.

234 3380 268 3433 ln
282 3379 371 3434 Gaius
389 3379 429 3445 (ii,
441 3379 487 3449 94)
506 3378 528 3435 it
547 3379 571 3434 is
590 3377 684 3434 stated
702 3394 734 3432 as
753 3394 772 3432 a
791 3376 921 3448 question
942 3377 1068 3434 whether
1088 3394 1143 3434 one
1158 3395 1212 3432 can
1234 3378 1348 3449 acquire

195 3463 362 3534 possession
374 3464 496 3532 through
509 3480 527 3518 a
538 3464 616 3517 slave
629 3461 659 3516 in
671 3462 764 3515 whom
777 3477 832 3515 one
844 3461 897 3515 has
910 3477 928 3516 a
940 3460 1064 3517 usufruct
1076 3481 1084 3527 ;
1103 3461 1154 3517 but
1167 3461 1188 3516 it
1200 3462 1258 3516 had
1274 3462 1347 3518 been

196 3547 300 3602 settled
319 3545 348 3601 in
366 3547 416 3601 the
433 3546 601 3601 affirmative
618 3545 720 3615 hythe
739 3545 808 3600 time
826 3545 860 3599 of
875 3543 1022 3614 Papinian,
1035 3561 1073 3599 on
1091 3546 1139 3600 the
1157 3545 1268 3615 ground
1286 3546 1348 3601 that

196 3630 306 3699 though
324 3646 380 3685 one
394 3630 464 3685 does
479 3640 530 3685 not
547 3646 663 3700 possess
680 3627 748 3695 him,
761 3645 816 3684 one
831 3628 901 3682 does
920 3638 970 3683 not
987 3644 1101 3697 possess
1117 3646 1135 3684 a
1152 3628 1348 3684 filiusfamilias

195 3713 295 3782 either,
316 3714 419 3768 Paulus
440 3713 469 3769 in
492 3713 558 3782 Dig.
571 3728 613 3781 41.
628 3728 654 3767 a.
671 3727 693 3767 ι.
706 3713 742 3766 8:
765 3712 946 3782 presumably
967 3712 1016 3767 the
1035 3712 1125 3768 doubt
1144 3711 1296 3782 expressed
1318 3711 1346 3765 in

196 3795 287 3851 Gaius
300 3795 329 3850 ii.
341 3811 377 3866 90
389 3813 446 3851 was
459 3795 562 3851 settled
574 3794 605 3851 in
617 3797 665 3850 the
678 3811 757 3849 same
769 3810 896 3850 manner.
923 3795 978 3849 But
991 3795 1039 3850 the
1052 3794 1139 3851 limits
1149 3793 1244 3849 within
1255 3792 1345 3847 which

196 3880 234 3935 he
252 3880 337 3935 could
356 3879 471 3951 acquire
490 3878 654 3950 possession
672 3878 715 3932 lor
733 3879 781 3933 the
803 3894 906 3947 person
920 3878 983 3932 who
1004 3877 1063 3933 had
1083 3879 1132 3934 the
1153 3876 1276 3930 usutruct
1297 3892 1346 3931 are

196 3962 280 4030 lixed,
293 3963 431 4034 precisely
449 3979 482 4017 as
500 3963 568 4032 they
585 3979 634 4018 are
652 3962 729 4030 here,
741 3961 780 4030 by
793 3960 932 4030 Papinian
949 3960 978 4016 in
990 3960 1056 4031 Dig.
1068 3975 1111 4028 41.
1125 3974 1149 4015 a
1162 3973 1204 4028 49
1218 3975 1269 4029 pr,
1282 3959 1345 4013 who

196 4046 325 4117 explains
339 4045 436 4102 Gaius’
447 4046 584 4115 difficulty
595 4045 634 4115 by
646 4044 808 4113 remarking
820 4045 882 4100 that
901 4045 950 4099 the
968 4044 1163 4113 usufructuary
1175 4053 1205 4098 at
1218 4060 1274 4112 any
1286 4054 1347 4098 rate

196 4130 250 4185 has
263 4129 409 4186 detention
422 4128 455 4183 of
462 4131 511 4185 the
525 4130 612 4197 slave,
624 4129 682 4183 and
695 4127 840 4183 detention
854 4127 993 4183 ‘borrows
1006 4129 1091 4182 much
1104 4126 1177 4181 from
1190 4127 1239 4182 the
1252 4126 1321 4182 law!

232 4215 248 4281 t
261 4216 293 4271 δ.
309 4214 336 4267 Α
348 4229 450 4283 person
463 4214 529 4267 who
540 4229 597 4267 was
615 4223 666 4267 not
684 4212 713 4268 in
732 4229 784 4267 our
802 4221 937 4282 potestas,
951 4228 1060 4280 manus,
1073 4228 1106 4267 or
1118 4210 1301 4281 mancipium,
1313 4226 1346 4265 or

196 4296 274 4351 bona
295 4295 351 4351 fide
372 4296 524 4366 possessed
545 4295 592 4365 by,
615 4313 648 4351 or
668 4314 686 4352 a
707 4297 785 4351 slave
804 4295 832 4349 in
851 4295 978 4351 usufruct
999 4304 1037 4364 to,
1060 4312 1103 4357 us,
1123 4312 1181 4350 was
1199 4294 1291 4350 called
1310 4310 1347 4349 an

196 4389 331 4434 extranea
343 4395 485 4449 persona:
503 4379 561 4437 and
580 4380 628 4435 the
645 4378 745 4435 earlier
764 4380 877 4433 Roman
896 4379 958 4447 law,
978 4378 1072 4433 sofar
1090 4378 1164 4433 from
1181 4377 1349 4447 allowings

196 4476 266 4518 man
281 4470 312 4517 to
327 4461 442 4535 acquire
454 4462 614 4536 ownership
625 4462 749 4534 through
766 4463 837 4519 such
856 4479 894 4521 au
911 4461 1038 4520 outsider
1056 4470 1086 4520 to
1104 4460 1173 4532 him,
1186 4460 1280 4519 would
1294 4472 1348 4539 'nor
