<?xml version="1.0" encoding="UTF-8"?>
<!DOCTYPE html PUBLIC "-//W3C//DTD XHTML 1.0 Transitional//EN"
    "http://www.w3.org/TR/xhtml1/DTD/xhtml1-transitional.dtd">
<html xmlns="http://www.w3.org/1999/xhtml" xml:lang="en" lang="en">
 <head>
  <title>
</title>
<meta http-equiv="Content-Type" content="text/html;charset=utf-8" />
  <meta name='ocr-system' content='tesseract 3.04.00' />
  <meta name='ocr-capabilities' content='ocr_page ocr_carea ocr_par ocr_line ocrx_word'/>
</head>
<body>
  <div class='ocr_page' id='page_1' title='image "./imperatorisiust00goog_0365.png"; bbox 0 0 2986 5048; ppageno 0'>
   <div class='ocr_carea' id='block_1_1' title="bbox 191 333 1347 421">
    <p class='ocr_par' dir='ltr' id='par_1_1' title="bbox 191 333 1347 421">
     <span class='ocr_line' id='line_1_1' title="bbox 191 333 1347 421; baseline -0.007 -22"><span class='ocrx_word' id='word_1_1' title='bbox 191 346 254 421; x_wconf 66' lang='lat'>35²</span> <span class='ocrx_word' id='word_1_2' title='bbox 395 336 746 397; x_wconf 84' lang='lat' dir='ltr'><em>INSTITUTIONUM</em></span> <span class='ocrx_word' id='word_1_3' title='bbox 763 334 883 391; x_wconf 88' lang='lat' dir='ltr'><em>LIBRI</em></span> <span class='ocrx_word' id='word_1_4' title='bbox 900 333 1138 407; x_wconf 80' lang='lat' dir='ltr'><em>QUATTUOR.</em></span> <span class='ocrx_word' id='word_1_5' title='bbox 1226 335 1347 403; x_wconf 74' lang='lat' dir='ltr'>[Libllr.</span> 
     </span>
    </p>
   </div>
   <div class='ocr_carea' id='block_1_2' title="bbox 89 499 1346 3177">
    <p class='ocr_par' dir='ltr' id='par_1_2' title="bbox 161 499 1346 1936">
     <span class='ocr_line' id='line_1_2' title="bbox 161 499 1345 572; baseline -0.003 -1"><span class='ocrx_word' id='word_1_6' title='bbox 161 505 285 572; x_wconf 81' lang='lat' dir='ltr'>3cuius</span> <span class='ocrx_word' id='word_1_7' title='bbox 315 504 375 568; x_wconf 93' lang='lat' dir='ltr'>iuri</span> <span class='ocrx_word' id='word_1_8' title='bbox 404 504 553 568; x_wconf 90' lang='lat' dir='ltr'>subiecta</span> <span class='ocrx_word' id='word_1_9' title='bbox 583 511 643 567; x_wconf 90' lang='lat' dir='ltr'>est.</span> <span class='ocrx_word' id='word_1_10' title='bbox 703 499 935 566; x_wconf 89' lang='lat' dir='ltr'>Praeferuntur</span> <span class='ocrx_word' id='word_1_11' title='bbox 966 508 1080 565; x_wconf 88' lang='lat' dir='ltr'>autem</span> <span class='ocrx_word' id='word_1_12' title='bbox 1115 500 1213 567; x_wconf 89' lang='lat' dir='ltr'>matri</span> <span class='ocrx_word' id='word_1_13' title='bbox 1250 501 1345 567; x_wconf 90' lang='lat' dir='ltr'>liberi</span> 
     </span>
     <span class='ocr_line' id='line_1_3' title="bbox 192 603 1346 690; baseline -0.001 -17"><span class='ocrx_word' id='word_1_14' title='bbox 192 609 348 686; x_wconf 85' lang='lat' dir='ltr'>defuncti,</span> <span class='ocrx_word' id='word_1_15' title='bbox 371 608 426 690; x_wconf 92' lang='lat' dir='ltr'>qui</span> <span class='ocrx_word' id='word_1_16' title='bbox 449 607 499 672; x_wconf 92' lang='lat' dir='ltr'>sui</span> <span class='ocrx_word' id='word_1_17' title='bbox 522 613 599 670; x_wconf 94' lang='lat' dir='ltr'>sunt</span> <span class='ocrx_word' id='word_1_18' title='bbox 622 604 720 688; x_wconf 92' lang='lat' dir='ltr'>quive</span> <span class='ocrx_word' id='word_1_19' title='bbox 743 624 877 669; x_wconf 93' lang='lat' dir='ltr'>suorum</span> <span class='ocrx_word' id='word_1_20' title='bbox 900 603 982 682; x_wconf 90' lang='lat' dir='ltr'>loco,</span> <span class='ocrx_word' id='word_1_21' title='bbox 1006 604 1075 669; x_wconf 92' lang='lat' dir='ltr'>sive</span> <span class='ocrx_word' id='word_1_22' title='bbox 1098 604 1196 687; x_wconf 91' lang='lat' dir='ltr'>primi</span> <span class='ocrx_word' id='word_1_23' title='bbox 1219 606 1346 689; x_wconf 74' lang='lat' dir='ltr'>gradus</span> 
     </span>
     <span class='ocr_line' id='line_1_4' title="bbox 191 707 1345 776; baseline -0.003 0"><span class='ocrx_word' id='word_1_24' title='bbox 191 713 260 776; x_wconf 91' lang='lat' dir='ltr'>sive</span> <span class='ocrx_word' id='word_1_25' title='bbox 290 711 462 775; x_wconf 87' lang='lat' dir='ltr'><strong>ulterioris.</strong></span> <span class='ocrx_word' id='word_1_26' title='bbox 509 710 568 774; x_wconf 93' lang='lat' dir='ltr'>sed</span> <span class='ocrx_word' id='word_1_27' title='bbox 599 718 632 773; x_wconf 93' lang='lat' dir='ltr'>et</span> <span class='ocrx_word' id='word_1_28' title='bbox 667 708 755 772; x_wconf 90' lang='lat' dir='ltr'>filiae</span> <span class='ocrx_word' id='word_1_29' title='bbox 786 728 867 772; x_wconf 91' lang='lat' dir='ltr'>suae</span> <span class='ocrx_word' id='word_1_30' title='bbox 898 716 1048 771; x_wconf 86' lang='lat' dir='ltr'>mortuae</span> <span class='ocrx_word' id='word_1_31' title='bbox 1076 707 1163 772; x_wconf 89' lang='lat' dir='ltr'>filius</span> <span class='ocrx_word' id='word_1_32' title='bbox 1191 707 1247 773; x_wconf 89' lang='lat' dir='ltr'>vel</span> <span class='ocrx_word' id='word_1_33' title='bbox 1276 708 1345 773; x_wconf 84' lang='lat' dir='ltr'>filia</span> 
     </span>
     <span class='ocr_line' id='line_1_5' title="bbox 191 809 1344 898; baseline -0.001 -19"><span class='ocrx_word' id='word_1_34' title='bbox 191 815 371 898; x_wconf 92' lang='lat' dir='ltr'>opponitur</span> <span class='ocrx_word' id='word_1_35' title='bbox 393 833 438 877; x_wconf 88' lang='lat' dir='ltr'>ex</span> <span class='ocrx_word' id='word_1_36' title='bbox 459 811 749 877; x_wconf 85' lang='lat' dir='ltr'>constitutionibus</span> <span class='ocrx_word' id='word_1_37' title='bbox 779 810 876 875; x_wconf 89' lang='lat' dir='ltr'>matri</span> <span class='ocrx_word' id='word_1_38' title='bbox 901 809 1085 890; x_wconf 88' lang='lat' dir='ltr'>defunctae,</span> <span class='ocrx_word' id='word_1_39' title='bbox 1110 811 1144 875; x_wconf 94' lang='lat' dir='ltr'>id</span> <span class='ocrx_word' id='word_1_40' title='bbox 1171 819 1223 877; x_wconf 91' lang='lat' dir='ltr'>est</span> <span class='ocrx_word' id='word_1_41' title='bbox 1249 813 1344 878; x_wconf 86' lang='lat' dir='ltr'>aviae</span> 
     </span>
     <span class='ocr_line' id='line_1_6' title="bbox 192 913 1345 1000; baseline -0.002 -18"><span class='ocrx_word' id='word_1_42' title='bbox 192 938 281 983; x_wconf 89' lang='lat' dir='ltr'>suae.</span> <span class='ocrx_word' id='word_1_43' title='bbox 320 926 415 1000; x_wconf 90' lang='lat' dir='ltr'>pater</span> <span class='ocrx_word' id='word_1_44' title='bbox 436 936 568 999; x_wconf 91' lang='lat' dir='ltr'>quoque</span> <span class='ocrx_word' id='word_1_45' title='bbox 592 916 771 998; x_wconf 89' lang='lat' dir='ltr'>utriusque,</span> <span class='ocrx_word' id='word_1_46' title='bbox 797 935 863 978; x_wconf 91' lang='lat' dir='ltr'>non</span> <span class='ocrx_word' id='word_1_47' title='bbox 887 914 989 980; x_wconf 92' lang='lat' dir='ltr'>etiam</span> <span class='ocrx_word' id='word_1_48' title='bbox 1014 934 1096 979; x_wconf 91' lang='lat' dir='ltr'>avus</span> <span class='ocrx_word' id='word_1_49' title='bbox 1120 913 1174 979; x_wconf 89' lang='lat' dir='ltr'>vel</span> <span class='ocrx_word' id='word_1_50' title='bbox 1199 936 1345 999; x_wconf 90' lang='lat' dir='ltr'>proavus</span> 
     </span>
     <span class='ocr_line' id='line_1_7' title="bbox 191 1017 1345 1103; baseline 0 -16"><span class='ocrx_word' id='word_1_51' title='bbox 191 1022 289 1087; x_wconf 91' lang='lat' dir='ltr'>matri</span> <span class='ocrx_word' id='word_1_52' title='bbox 312 1021 529 1103; x_wconf 83' lang='lat' dir='ltr'>anteponitur,</span> <span class='ocrx_word' id='word_1_53' title='bbox 551 1020 675 1085; x_wconf 90' lang='lat' dir='ltr'>scilicet</span> <span class='ocrx_word' id='word_1_54' title='bbox 697 1039 773 1084; x_wconf 94' lang='lat' dir='ltr'>cum</span> <span class='ocrx_word' id='word_1_55' title='bbox 796 1020 880 1084; x_wconf 93' lang='lat' dir='ltr'>inter</span> <span class='ocrx_word' id='word_1_56' title='bbox 902 1040 960 1084; x_wconf 92' lang='lat' dir='ltr'>eos</span> <span class='ocrx_word' id='word_1_57' title='bbox 981 1019 1071 1083; x_wconf 92' lang='lat' dir='ltr'>solos</span> <span class='ocrx_word' id='word_1_58' title='bbox 1093 1019 1136 1084; x_wconf 91' lang='lat' dir='ltr'>de</span> <span class='ocrx_word' id='word_1_59' title='bbox 1157 1017 1345 1087; x_wconf 88' lang='lat' dir='ltr'>hereditate</span> 
     </span>
     <span class='ocr_line' id='line_1_8' title="bbox 191 1122 1345 1208; baseline 0.002 -20"><span class='ocrx_word' id='word_1_60' title='bbox 191 1126 311 1208; x_wconf 90' lang='lat' dir='ltr'>agitur.</span> <span class='ocrx_word' id='word_1_61' title='bbox 365 1124 465 1188; x_wconf 92' lang='lat' dir='ltr'>frater</span> <span class='ocrx_word' id='word_1_62' title='bbox 493 1132 606 1188; x_wconf 89' lang='lat' dir='ltr'>autem</span> <span class='ocrx_word' id='word_1_63' title='bbox 636 1124 897 1207; x_wconf 90' lang='lat' dir='ltr'>consanguineus</span> <span class='ocrx_word' id='word_1_64' title='bbox 930 1132 1001 1188; x_wconf 92' lang='lat' dir='ltr'>tam</span> <span class='ocrx_word' id='word_1_65' title='bbox 1032 1122 1091 1187; x_wconf 87' lang='lat' dir='ltr'>filii</span> <span class='ocrx_word' id='word_1_66' title='bbox 1120 1144 1223 1206; x_wconf 88' lang='lat' dir='ltr'>quam</span> <span class='ocrx_word' id='word_1_67' title='bbox 1256 1124 1345 1190; x_wconf 87' lang='lat' dir='ltr'>filiae</span> 
     </span>
     <span class='ocr_line' id='line_1_9' title="bbox 193 1227 1344 1311; baseline 0.001 -18"><span class='ocrx_word' id='word_1_68' title='bbox 193 1227 394 1294; x_wconf 85' lang='lat' dir='ltr'>excludebat</span> <span class='ocrx_word' id='word_1_69' title='bbox 419 1237 579 1291; x_wconf 91' lang='lat' dir='ltr'>matrem:</span> <span class='ocrx_word' id='word_1_70' title='bbox 603 1247 695 1291; x_wconf 91' lang='lat' dir='ltr'>soror</span> <span class='ocrx_word' id='word_1_71' title='bbox 716 1238 829 1292; x_wconf 91' lang='lat' dir='ltr'>autem</span> <span class='ocrx_word' id='word_1_72' title='bbox 852 1227 1097 1310; x_wconf 88' lang='lat' dir='ltr'>consanguinea</span> <span class='ocrx_word' id='word_1_73' title='bbox 1122 1229 1247 1311; x_wconf 88' lang='lat' dir='ltr'>pariter</span> <span class='ocrx_word' id='word_1_74' title='bbox 1268 1249 1344 1294; x_wconf 93' lang='lat' dir='ltr'>cum</span> 
     </span>
     <span class='ocr_line' id='line_1_10' title="bbox 193 1329 1345 1416; baseline 0.003 -21"><span class='ocrx_word' id='word_1_75' title='bbox 193 1342 299 1396; x_wconf 89' lang='lat' dir='ltr'>matre</span> <span class='ocrx_word' id='word_1_76' title='bbox 314 1330 571 1396; x_wconf 84' lang='lat' dir='ltr'>admittebatur:</span> <span class='ocrx_word' id='word_1_77' title='bbox 594 1330 654 1395; x_wconf 89' lang='lat' dir='ltr'>sed</span> <span class='ocrx_word' id='word_1_78' title='bbox 670 1331 698 1395; x_wconf 93' lang='lat' dir='ltr'>si</span> <span class='ocrx_word' id='word_1_79' title='bbox 713 1330 820 1396; x_wconf 92' lang='lat' dir='ltr'>fuerat</span> <span class='ocrx_word' id='word_1_80' title='bbox 835 1329 935 1394; x_wconf 91' lang='lat' dir='ltr'>frater</span> <span class='ocrx_word' id='word_1_81' title='bbox 949 1339 984 1395; x_wconf 93' lang='lat' dir='ltr'>et</span> <span class='ocrx_word' id='word_1_82' title='bbox 1001 1350 1094 1395; x_wconf 90' lang='lat' dir='ltr'>soror</span> <span class='ocrx_word' id='word_1_83' title='bbox 1107 1332 1345 1416; x_wconf 83' lang='lat' dir='ltr'>consanguinei</span> 
     </span>
     <span class='ocr_line' id='line_1_11' title="bbox 192 1433 1344 1515; baseline 0.003 -16"><span class='ocrx_word' id='word_1_84' title='bbox 192 1443 227 1499; x_wconf 94' lang='lat' dir='ltr'>et</span> <span class='ocrx_word' id='word_1_85' title='bbox 249 1443 355 1498; x_wconf 89' lang='lat' dir='ltr'>mater</span> <span class='ocrx_word' id='word_1_86' title='bbox 376 1433 486 1497; x_wconf 90' lang='lat' dir='ltr'>liberis</span> <span class='ocrx_word' id='word_1_87' title='bbox 504 1433 674 1507; x_wconf 88' lang='lat' dir='ltr'>honorata,</span> <span class='ocrx_word' id='word_1_88' title='bbox 696 1433 797 1498; x_wconf 90' lang='lat' dir='ltr'>frater</span> <span class='ocrx_word' id='word_1_89' title='bbox 817 1434 953 1515; x_wconf 90' lang='lat' dir='ltr'>quidem</span> <span class='ocrx_word' id='word_1_90' title='bbox 970 1443 1111 1497; x_wconf 91' lang='lat' dir='ltr'>matrem</span> <span class='ocrx_word' id='word_1_91' title='bbox 1131 1433 1344 1513; x_wconf 87' lang='lat' dir='ltr'>excludebat,</span> 
     </span>
     <span class='ocr_line' id='line_1_12' title="bbox 192 1537 1345 1622; baseline 0.002 -19"><span class='ocrx_word' id='word_1_92' title='bbox 192 1538 376 1603; x_wconf 90' lang='lat' dir='ltr'>communis</span> <span class='ocrx_word' id='word_1_93' title='bbox 402 1546 515 1602; x_wconf 92' lang='lat' dir='ltr'>autem</span> <span class='ocrx_word' id='word_1_94' title='bbox 539 1546 609 1602; x_wconf 92' lang='lat' dir='ltr'>erat</span> <span class='ocrx_word' id='word_1_95' title='bbox 631 1537 797 1603; x_wconf 86' lang='lat' dir='ltr'>hereditas</span> <span class='ocrx_word' id='word_1_96' title='bbox 820 1560 864 1602; x_wconf 87' lang='lat' dir='ltr'>ex</span> <span class='ocrx_word' id='word_1_97' title='bbox 886 1538 1000 1622; x_wconf 88' lang='lat' dir='ltr'>aequis</span> <span class='ocrx_word' id='word_1_98' title='bbox 1022 1538 1171 1621; x_wconf 91' lang='lat' dir='ltr'>partibus</span> <span class='ocrx_word' id='word_1_99' title='bbox 1193 1538 1289 1605; x_wconf 92' lang='lat' dir='ltr'>fratri</span> <span class='ocrx_word' id='word_1_100' title='bbox 1310 1549 1345 1606; x_wconf 89' lang='lat' dir='ltr'>et</span> 
     </span>
     <span class='ocr_line' id='line_1_13' title="bbox 162 1641 1344 1725; baseline 0.003 -20"><span class='ocrx_word' id='word_1_101' title='bbox 162 1643 305 1707; x_wconf 72' lang='lat' dir='ltr'>osorori.</span> <span class='ocrx_word' id='word_1_102' title='bbox 350 1641 417 1707; x_wconf 88' lang='lat' dir='ltr'>Sed</span> <span class='ocrx_word' id='word_1_103' title='bbox 434 1662 494 1705; x_wconf 91' lang='lat' dir='ltr'>nos</span> <span class='ocrx_word' id='word_1_104' title='bbox 510 1642 754 1722; x_wconf 90' lang='lat' dir='ltr'>constitutione,</span> <span class='ocrx_word' id='word_1_105' title='bbox 768 1663 869 1725; x_wconf 90' lang='lat' dir='ltr'>quam</span> <span class='ocrx_word' id='word_1_106' title='bbox 888 1643 922 1706; x_wconf 93' lang='lat' dir='ltr'>in</span> <span class='ocrx_word' id='word_1_107' title='bbox 942 1643 1055 1708; x_wconf 89' lang='lat' dir='ltr'>codice</span> <span class='ocrx_word' id='word_1_108' title='bbox 1075 1652 1188 1708; x_wconf 92' lang='lat' dir='ltr'>nostro</span> <span class='ocrx_word' id='word_1_109' title='bbox 1208 1644 1344 1709; x_wconf 89' lang='lat' dir='ltr'>nomine</span> 
     </span>
     <span class='ocr_line' id='line_1_14' title="bbox 192 1746 1343 1829; baseline 0.003 -18"><span class='ocrx_word' id='word_1_110' title='bbox 192 1746 347 1812; x_wconf 91' lang='lat' dir='ltr'>decorato</span> <span class='ocrx_word' id='word_1_111' title='bbox 369 1747 547 1829; x_wconf 87' lang='lat' dir='ltr'>posuimus,</span> <span class='ocrx_word' id='word_1_112' title='bbox 572 1747 668 1809; x_wconf 90' lang='lat' dir='ltr'>matri</span> <span class='ocrx_word' id='word_1_113' title='bbox 691 1747 951 1810; x_wconf 91' lang='lat' dir='ltr'>subveniendum</span> <span class='ocrx_word' id='word_1_114' title='bbox 974 1767 1046 1811; x_wconf 93' lang='lat' dir='ltr'>esse</span> <span class='ocrx_word' id='word_1_115' title='bbox 1067 1746 1343 1824; x_wconf 88' lang='lat' dir='ltr'>existimavimus,</span> 
     </span>
     <span class='ocr_line' id='line_1_15' title="bbox 192 1849 1344 1936; baseline 0.002 -20"><span class='ocrx_word' id='word_1_116' title='bbox 192 1853 404 1935; x_wconf 88' lang='lat' dir='ltr'>respicientes</span> <span class='ocrx_word' id='word_1_117' title='bbox 419 1852 461 1915; x_wconf 92' lang='lat' dir='ltr'>ad</span> <span class='ocrx_word' id='word_1_118' title='bbox 478 1860 630 1914; x_wconf 89' lang='lat' dir='ltr'>naturam</span> <span class='ocrx_word' id='word_1_119' title='bbox 650 1859 683 1914; x_wconf 92' lang='lat' dir='ltr'>et</span> <span class='ocrx_word' id='word_1_120' title='bbox 706 1850 914 1934; x_wconf 87' lang='lat' dir='ltr'>puerperium</span> <span class='ocrx_word' id='word_1_121' title='bbox 938 1861 972 1915; x_wconf 94' lang='lat' dir='ltr'>et</span> <span class='ocrx_word' id='word_1_122' title='bbox 992 1849 1173 1934; x_wconf 89' lang='lat' dir='ltr'>periculum</span> <span class='ocrx_word' id='word_1_123' title='bbox 1189 1860 1224 1917; x_wconf 93' lang='lat' dir='ltr'>et</span> <span class='ocrx_word' id='word_1_124' title='bbox 1243 1873 1344 1936; x_wconf 88' lang='lat' dir='ltr'>saepe</span> 
     </span>
    </p>

    <p class='ocr_par' dir='ltr' id='par_1_3' title="bbox 89 1953 1345 3177">
     <span class='ocr_line' id='line_1_16' title="bbox 89 1953 1345 2037; baseline 0.002 -18"><span class='ocrx_word' id='word_1_125' title='bbox 89 1990 92 1995; x_wconf 95' lang='lat'>·</span> <span class='ocrx_word' id='word_1_126' title='bbox 192 1965 334 2020; x_wconf 93' lang='lat' dir='ltr'>mortem</span> <span class='ocrx_word' id='word_1_127' title='bbox 350 1977 394 2019; x_wconf 91' lang='lat' dir='ltr'>ex</span> <span class='ocrx_word' id='word_1_128' title='bbox 409 1954 472 2020; x_wconf 92' lang='lat' dir='ltr'>hoc</span> <span class='ocrx_word' id='word_1_129' title='bbox 492 1975 569 2019; x_wconf 89' lang='lat' dir='ltr'>casu</span> <span class='ocrx_word' id='word_1_130' title='bbox 594 1956 754 2019; x_wconf 91' lang='lat' dir='ltr'>matribus</span> <span class='ocrx_word' id='word_1_131' title='bbox 772 1956 909 2020; x_wconf 88' lang='lat' dir='ltr'>illatam.</span> <span class='ocrx_word' id='word_1_132' title='bbox 947 1953 1088 2037; x_wconf 92' lang='lat' dir='ltr'>ideoque</span> <span class='ocrx_word' id='word_1_133' title='bbox 1108 1955 1250 2037; x_wconf 91' lang='lat' dir='ltr'>impium</span> <span class='ocrx_word' id='word_1_134' title='bbox 1272 1976 1345 2021; x_wconf 89' lang='lat' dir='ltr'>esse</span> 
     </span>
     <span class='ocr_line' id='line_1_17' title="bbox 192 2059 1343 2126; baseline 0.001 -1"><span class='ocrx_word' id='word_1_135' title='bbox 192 2061 391 2125; x_wconf 86' lang='lat' dir='ltr'>credidimus</span> <span class='ocrx_word' id='word_1_136' title='bbox 417 2079 529 2124; x_wconf 90' lang='lat' dir='ltr'>casum</span> <span class='ocrx_word' id='word_1_137' title='bbox 558 2059 729 2125; x_wconf 90' lang='lat' dir='ltr'>fortuitum</span> <span class='ocrx_word' id='word_1_138' title='bbox 760 2061 793 2124; x_wconf 96' lang='lat' dir='ltr'>in</span> <span class='ocrx_word' id='word_1_139' title='bbox 824 2061 894 2125; x_wconf 91' lang='lat' dir='ltr'>eius</span> <span class='ocrx_word' id='word_1_140' title='bbox 922 2059 1055 2124; x_wconf 90' lang='lat' dir='ltr'>admitti</span> <span class='ocrx_word' id='word_1_141' title='bbox 1085 2059 1343 2126; x_wconf 88' lang='lat' dir='ltr'>detrimentum:</span> 
     </span>
     <span class='ocr_line' id='line_1_18' title="bbox 192 2161 1344 2246; baseline 0.003 -20"><span class='ocrx_word' id='word_1_142' title='bbox 192 2165 219 2226; x_wconf 91' lang='lat' dir='ltr'>si</span> <span class='ocrx_word' id='word_1_143' title='bbox 235 2165 323 2227; x_wconf 90' lang='lat' dir='ltr'>enim</span> <span class='ocrx_word' id='word_1_144' title='bbox 339 2164 480 2244; x_wconf 90' lang='lat' dir='ltr'>ingenua</span> <span class='ocrx_word' id='word_1_145' title='bbox 496 2171 547 2226; x_wconf 90' lang='lat' dir='ltr'>ter</span> <span class='ocrx_word' id='word_1_146' title='bbox 559 2162 612 2225; x_wconf 93' lang='lat' dir='ltr'>vel</span> <span class='ocrx_word' id='word_1_147' title='bbox 632 2162 784 2227; x_wconf 89' lang='lat' dir='ltr'>libertina</span> <span class='ocrx_word' id='word_1_148' title='bbox 801 2173 920 2246; x_wconf 89' lang='lat' dir='ltr'>quater</span> <span class='ocrx_word' id='word_1_149' title='bbox 934 2184 1000 2226; x_wconf 92' lang='lat' dir='ltr'>non</span> <span class='ocrx_word' id='word_1_150' title='bbox 1019 2162 1157 2246; x_wconf 92' lang='lat' dir='ltr'>peperit,</span> <span class='ocrx_word' id='word_1_151' title='bbox 1174 2161 1344 2229; x_wconf 87' lang='lat' dir='ltr'>immerito</span> 
     </span>
     <span class='ocr_line' id='line_1_19' title="bbox 192 2265 1345 2351; baseline 0 -20"><span class='ocrx_word' id='word_1_152' title='bbox 192 2267 449 2331; x_wconf 84' lang='lat' dir='ltr'>defraudabatur</span> <span class='ocrx_word' id='word_1_153' title='bbox 466 2267 672 2332; x_wconf 88' lang='lat' dir='ltr'>successione</span> <span class='ocrx_word' id='word_1_154' title='bbox 692 2288 825 2332; x_wconf 90' lang='lat' dir='ltr'>suorum</span> <span class='ocrx_word' id='word_1_155' title='bbox 846 2268 1043 2333; x_wconf 86' lang='lat' dir='ltr'>liberorum:</span> <span class='ocrx_word' id='word_1_156' title='bbox 1066 2265 1145 2349; x_wconf 90' lang='lat' dir='ltr'>quid</span> <span class='ocrx_word' id='word_1_157' title='bbox 1162 2265 1253 2331; x_wconf 90' lang='lat' dir='ltr'>enim</span> <span class='ocrx_word' id='word_1_158' title='bbox 1267 2288 1345 2351; x_wconf 89' lang='lat' dir='ltr'>pec-</span> 
     </span>
     <span class='ocr_line' id='line_1_20' title="bbox 193 2368 1345 2455; baseline 0.001 -21"><span class='ocrx_word' id='word_1_159' title='bbox 193 2371 288 2447; x_wconf 86' lang='lat' dir='ltr'>cavit,</span> <span class='ocrx_word' id='word_1_160' title='bbox 314 2370 341 2434; x_wconf 95' lang='lat' dir='ltr'>si</span> <span class='ocrx_word' id='word_1_161' title='bbox 369 2390 434 2434; x_wconf 94' lang='lat' dir='ltr'>non</span> <span class='ocrx_word' id='word_1_162' title='bbox 460 2370 579 2452; x_wconf 85' lang='lat' dir='ltr'>plures,</span> <span class='ocrx_word' id='word_1_163' title='bbox 605 2370 663 2435; x_wconf 94' lang='lat' dir='ltr'>sed</span> <span class='ocrx_word' id='word_1_164' title='bbox 690 2391 814 2453; x_wconf 90' lang='lat' dir='ltr'>paucos</span> <span class='ocrx_word' id='word_1_165' title='bbox 840 2368 1025 2455; x_wconf 83' lang='lat' dir='ltr'>pepererit?</span> <span class='ocrx_word' id='word_1_166' title='bbox 1052 2379 1088 2434; x_wconf 94' lang='lat' dir='ltr'>et</span> <span class='ocrx_word' id='word_1_167' title='bbox 1112 2368 1268 2434; x_wconf 88' lang='lat' dir='ltr'>dedimus</span> <span class='ocrx_word' id='word_1_168' title='bbox 1293 2371 1345 2435; x_wconf 90' lang='lat' dir='ltr'>ius</span> 
     </span>
     <span class='ocr_line' id='line_1_21' title="bbox 89 2466 1344 2559; baseline 0.002 -21"><span class='ocrx_word' id='word_1_169' title='bbox 89 2466 98 2479; x_wconf 74' lang='lat'><em>⁰</em></span> <span class='ocrx_word' id='word_1_170' title='bbox 192 2474 377 2557; x_wconf 88' lang='lat' dir='ltr'>legitimum</span> <span class='ocrx_word' id='word_1_171' title='bbox 397 2474 532 2556; x_wconf 90' lang='lat' dir='ltr'>plenum</span> <span class='ocrx_word' id='word_1_172' title='bbox 556 2475 715 2538; x_wconf 90' lang='lat' dir='ltr'>matribus</span> <span class='ocrx_word' id='word_1_173' title='bbox 738 2476 807 2540; x_wconf 92' lang='lat' dir='ltr'>sive</span> <span class='ocrx_word' id='word_1_174' title='bbox 827 2475 977 2559; x_wconf 89' lang='lat' dir='ltr'>ingenuis</span> <span class='ocrx_word' id='word_1_175' title='bbox 998 2473 1066 2539; x_wconf 89' lang='lat' dir='ltr'>sive</span> <span class='ocrx_word' id='word_1_176' title='bbox 1087 2471 1261 2551; x_wconf 89' lang='lat' dir='ltr'>libertinis,</span> <span class='ocrx_word' id='word_1_177' title='bbox 1282 2476 1344 2541; x_wconf 87' lang='lat' dir='ltr'>etsi</span> 
     </span>
     <span class='ocr_line' id='line_1_22' title="bbox 192 2576 1344 2661; baseline -0.001 -19"><span class='ocrx_word' id='word_1_178' title='bbox 192 2599 258 2642; x_wconf 94' lang='lat' dir='ltr'>non</span> <span class='ocrx_word' id='word_1_179' title='bbox 282 2588 332 2642; x_wconf 90' lang='lat' dir='ltr'>ter</span> <span class='ocrx_word' id='word_1_180' title='bbox 355 2579 475 2642; x_wconf 87' lang='lat' dir='ltr'>enixae</span> <span class='ocrx_word' id='word_1_181' title='bbox 497 2577 617 2642; x_wconf 91' lang='lat' dir='ltr'>fuerint</span> <span class='ocrx_word' id='word_1_182' title='bbox 639 2578 692 2642; x_wconf 91' lang='lat' dir='ltr'>vel</span> <span class='ocrx_word' id='word_1_183' title='bbox 714 2588 839 2661; x_wconf 90' lang='lat' dir='ltr'>quater,</span> <span class='ocrx_word' id='word_1_184' title='bbox 854 2579 913 2643; x_wconf 91' lang='lat' dir='ltr'>sed</span> <span class='ocrx_word' id='word_1_185' title='bbox 935 2599 1010 2642; x_wconf 94' lang='lat' dir='ltr'>eum</span> <span class='ocrx_word' id='word_1_186' title='bbox 1033 2586 1164 2642; x_wconf 88' lang='lat' dir='ltr'>tantum</span> <span class='ocrx_word' id='word_1_187' title='bbox 1184 2576 1239 2641; x_wconf 91' lang='lat' dir='ltr'>vel</span> <span class='ocrx_word' id='word_1_188' title='bbox 1258 2597 1344 2654; x_wconf 92' lang='lat' dir='ltr'>eam,</span> 
     </span>
     <span class='ocr_line' id='line_1_23' title="bbox 192 2681 1345 2765; baseline -0.001 -19"><span class='ocrx_word' id='word_1_189' title='bbox 192 2684 249 2765; x_wconf 92' lang='lat' dir='ltr'>qui</span> <span class='ocrx_word' id='word_1_190' title='bbox 271 2704 396 2765; x_wconf 89' lang='lat' dir='ltr'>quaeve</span> <span class='ocrx_word' id='word_1_191' title='bbox 420 2690 525 2746; x_wconf 92' lang='lat' dir='ltr'>morte</span> <span class='ocrx_word' id='word_1_192' title='bbox 547 2683 720 2764; x_wconf 88' lang='lat' dir='ltr'>intercepti</span> <span class='ocrx_word' id='word_1_193' title='bbox 742 2690 828 2759; x_wconf 92' lang='lat' dir='ltr'>sunt,</span> <span class='ocrx_word' id='word_1_194' title='bbox 843 2691 880 2748; x_wconf 93' lang='lat' dir='ltr'>ut</span> <span class='ocrx_word' id='word_1_195' title='bbox 902 2690 936 2747; x_wconf 90' lang='lat' dir='ltr'>et</span> <span class='ocrx_word' id='word_1_196' title='bbox 958 2683 1004 2746; x_wconf 91' lang='lat' dir='ltr'>sic</span> <span class='ocrx_word' id='word_1_197' title='bbox 1022 2690 1181 2746; x_wconf 90' lang='lat' dir='ltr'>vocentur</span> <span class='ocrx_word' id='word_1_198' title='bbox 1203 2681 1239 2744; x_wconf 94' lang='lat' dir='ltr'>in</span> <span class='ocrx_word' id='word_1_199' title='bbox 1261 2682 1345 2745; x_wconf 90' lang='lat' dir='ltr'>libe·</span> 
     </span>
     <span class='ocr_line' id='line_1_24' title="bbox 162 2783 1345 2867; baseline 0.002 -18"><span class='ocrx_word' id='word_1_200' title='bbox 162 2794 303 2850; x_wconf 90' lang='lat' dir='ltr'>5rorum</span> <span class='ocrx_word' id='word_1_201' title='bbox 334 2805 467 2849; x_wconf 91' lang='lat' dir='ltr'>suorum</span> <span class='ocrx_word' id='word_1_202' title='bbox 498 2784 682 2867; x_wconf 85' lang='lat' dir='ltr'>legitimam</span> <span class='ocrx_word' id='word_1_203' title='bbox 715 2787 966 2851; x_wconf 90' lang='lat' dir='ltr'>successionem.</span> <span class='ocrx_word' id='word_1_204' title='bbox 1025 2783 1094 2849; x_wconf 90' lang='lat' dir='ltr'>Sed</span> <span class='ocrx_word' id='word_1_205' title='bbox 1131 2802 1208 2848; x_wconf 89' lang='lat' dir='ltr'>cum</span> <span class='ocrx_word' id='word_1_206' title='bbox 1231 2795 1345 2851; x_wconf 83' lang='lat' dir='ltr'>antea</span> 
     </span>
     <span class='ocr_line' id='line_1_25' title="bbox 192 2887 1344 2971; baseline -0.001 -18"><span class='ocrx_word' id='word_1_207' title='bbox 192 2890 444 2953; x_wconf 89' lang='lat' dir='ltr'>constitutiones</span> <span class='ocrx_word' id='word_1_208' title='bbox 477 2888 547 2952; x_wconf 93' lang='lat' dir='ltr'>iura</span> <span class='ocrx_word' id='word_1_209' title='bbox 584 2888 734 2970; x_wconf 88' lang='lat' dir='ltr'>legitima</span> <span class='ocrx_word' id='word_1_210' title='bbox 767 2896 1010 2971; x_wconf 90' lang='lat' dir='ltr'>perscrutantes</span> <span class='ocrx_word' id='word_1_211' title='bbox 1045 2887 1165 2970; x_wconf 91' lang='lat' dir='ltr'>partim</span> <span class='ocrx_word' id='word_1_212' title='bbox 1200 2896 1344 2952; x_wconf 90' lang='lat' dir='ltr'>matrem</span> 
     </span>
     <span class='ocr_line' id='line_1_26' title="bbox 191 2991 1344 3076; baseline 0.002 -21"><span class='ocrx_word' id='word_1_213' title='bbox 191 2993 404 3067; x_wconf 90' lang='lat' dir='ltr'>adiuvabant,</span> <span class='ocrx_word' id='word_1_214' title='bbox 435 2992 556 3074; x_wconf 91' lang='lat' dir='ltr'>partim</span> <span class='ocrx_word' id='word_1_215' title='bbox 587 3013 661 3056; x_wconf 90' lang='lat' dir='ltr'>eam</span> <span class='ocrx_word' id='word_1_216' title='bbox 691 2994 953 3076; x_wconf 88' lang='lat' dir='ltr'>praegravabant</span> <span class='ocrx_word' id='word_1_217' title='bbox 983 3001 1017 3058; x_wconf 90' lang='lat' dir='ltr'>et</span> <span class='ocrx_word' id='word_1_218' title='bbox 1043 3011 1109 3056; x_wconf 91' lang='lat' dir='ltr'>non</span> <span class='ocrx_word' id='word_1_219' title='bbox 1139 2991 1173 3055; x_wconf 93' lang='lat' dir='ltr'>in</span> <span class='ocrx_word' id='word_1_220' title='bbox 1199 2991 1344 3057; x_wconf 91' lang='lat' dir='ltr'>solidum</span> 
     </span>
     <span class='ocr_line' id='line_1_27' title="bbox 192 3094 1344 3177; baseline -0.002 -16"><span class='ocrx_word' id='word_1_221' title='bbox 192 3117 267 3161; x_wconf 91' lang='lat' dir='ltr'>eam</span> <span class='ocrx_word' id='word_1_222' title='bbox 288 3098 461 3173; x_wconf 89' lang='lat' dir='ltr'>vocabant,</span> <span class='ocrx_word' id='word_1_223' title='bbox 485 3095 543 3159; x_wconf 92' lang='lat' dir='ltr'>sed</span> <span class='ocrx_word' id='word_1_224' title='bbox 568 3096 602 3158; x_wconf 95' lang='lat' dir='ltr'>in</span> <span class='ocrx_word' id='word_1_225' title='bbox 624 3096 823 3177; x_wconf 91' lang='lat' dir='ltr'>quibusdam</span> <span class='ocrx_word' id='word_1_226' title='bbox 847 3097 977 3160; x_wconf 89' lang='lat' dir='ltr'>casibus</span> <span class='ocrx_word' id='word_1_227' title='bbox 1003 3096 1136 3159; x_wconf 90' lang='lat' dir='ltr'>tertiam</span> <span class='ocrx_word' id='word_1_228' title='bbox 1158 3104 1290 3177; x_wconf 89' lang='lat' dir='ltr'>partem</span> <span class='ocrx_word' id='word_1_229' title='bbox 1313 3094 1344 3159; x_wconf 93' lang='lat' dir='ltr'>ei</span> 
     </span>
    </p>
   </div>
   <div class='ocr_carea' id='block_1_3' title="bbox 189 3358 1344 4430">
    <p class='ocr_par' dir='ltr' id='par_1_4' title="bbox 189 3358 1344 3512">
     <span class='ocr_line' id='line_1_28' title="bbox 190 3358 1344 3431; baseline 0 -16"><span class='ocrx_word' id='word_1_230' title='bbox 190 3359 307 3415; x_wconf 89' lang='lat' dir='ltr'>entitled</span> <span class='ocrx_word' id='word_1_231' title='bbox 326 3376 358 3414; x_wconf 90' lang='lat' dir='ltr'>as</span> <span class='ocrx_word' id='word_1_232' title='bbox 370 3376 473 3431; x_wconf 90' lang='lat' dir='ltr'>parens</span> <span class='ocrx_word' id='word_1_233' title='bbox 485 3358 676 3416; x_wconf 88' lang='lat' dir='ltr'>manumissor</span> <span class='ocrx_word' id='word_1_234' title='bbox 687 3376 719 3414; x_wconf 93' lang='lat' dir='ltr'>or</span> <span class='ocrx_word' id='word_1_235' title='bbox 732 3376 764 3415; x_wconf 91' lang='lat' dir='ltr'>as</span> <span class='ocrx_word' id='word_1_236' title='bbox 779 3359 919 3415; x_wconf 88' lang='lat' dir='ltr'>bonorum</span> <span class='ocrx_word' id='word_1_237' title='bbox 934 3375 1083 3430; x_wconf 88' lang='lat' dir='ltr'>possessor</span> <span class='ocrx_word' id='word_1_238' title='bbox 1095 3376 1160 3415; x_wconf 91' lang='lat' dir='ltr'>cum</span> <span class='ocrx_word' id='word_1_239' title='bbox 1173 3375 1213 3428; x_wconf 88' lang='lat' dir='ltr'>re,</span> <span class='ocrx_word' id='word_1_240' title='bbox 1224 3358 1344 3431; x_wconf 86' lang='lat' dir='ltr'>Ulpian,</span> 
     </span>
     <span class='ocr_line' id='line_1_29' title="bbox 189 3443 342 3512; baseline 0 -14"><span class='ocrx_word' id='word_1_241' title='bbox 189 3459 246 3512; x_wconf 90' lang='lat' dir='ltr'>reg.</span> <span class='ocrx_word' id='word_1_242' title='bbox 263 3443 305 3497; x_wconf 88' lang='lat'>26.</span> <span class='ocrx_word' id='word_1_243' title='bbox 317 3444 342 3498; x_wconf 88' lang='lat'>8.</span> 
     </span>
    </p>

    <p class='ocr_par' dir='ltr' id='par_1_5' title="bbox 189 3524 1344 4430">
     <span class='ocr_line' id='line_1_30' title="bbox 226 3524 1343 3597; baseline 0.004 -18"><span class='ocrx_word' id='word_1_244' title='bbox 226 3526 288 3581; x_wconf 87' lang='lat' dir='ltr'>The</span> <span class='ocrx_word' id='word_1_245' title='bbox 300 3527 442 3595; x_wconf 85' lang='lat' dir='ltr'>following</span> <span class='ocrx_word' id='word_1_246' title='bbox 457 3527 581 3597; x_wconf 86' lang='lat' dir='ltr'>changes</span> <span class='ocrx_word' id='word_1_247' title='bbox 595 3543 667 3583; x_wconf 87' lang='lat' dir='ltr'>were</span> <span class='ocrx_word' id='word_1_248' title='bbox 684 3526 768 3582; x_wconf 86' lang='lat' dir='ltr'>made</span> <span class='ocrx_word' id='word_1_249' title='bbox 782 3525 810 3581; x_wconf 88' lang='lat' dir='ltr'>ln</span> <span class='ocrx_word' id='word_1_250' title='bbox 826 3527 874 3582; x_wconf 90' lang='lat' dir='ltr'>the</span> <span class='ocrx_word' id='word_1_251' title='bbox 891 3526 1025 3581; x_wconf 88' lang='lat' dir='ltr'>mother’s</span> <span class='ocrx_word' id='word_1_252' title='bbox 1043 3525 1133 3595; x_wconf 86' lang='lat' dir='ltr'>rights</span> <span class='ocrx_word' id='word_1_253' title='bbox 1150 3524 1179 3581; x_wconf 91' lang='lat' dir='ltr'>in</span> <span class='ocrx_word' id='word_1_254' title='bbox 1192 3527 1241 3582; x_wconf 91' lang='lat' dir='ltr'>the</span> <span class='ocrx_word' id='word_1_255' title='bbox 1258 3526 1343 3584; x_wconf 90' lang='lat' dir='ltr'>inter-</span> 
     </span>
     <span class='ocr_line' id='line_1_31' title="bbox 189 3608 1344 3680; baseline 0.001 -16"><span class='ocrx_word' id='word_1_256' title='bbox 189 3609 313 3664; x_wconf 91' lang='lat' dir='ltr'>mediate</span> <span class='ocrx_word' id='word_1_257' title='bbox 326 3610 424 3680; x_wconf 90' lang='lat' dir='ltr'>period</span> <span class='ocrx_word' id='word_1_258' title='bbox 433 3610 530 3664; x_wconf 84' lang='lat' dir='ltr'>before</span> <span class='ocrx_word' id='word_1_259' title='bbox 539 3609 703 3680; x_wconf 86' lang='lat' dir='ltr'>Justinian&#39;s</span> <span class='ocrx_word' id='word_1_260' title='bbox 716 3627 778 3664; x_wconf 88' lang='lat' dir='ltr'>own</span> <span class='ocrx_word' id='word_1_261' title='bbox 789 3610 950 3664; x_wconf 86' lang='lat' dir='ltr'>settlement</span> <span class='ocrx_word' id='word_1_262' title='bbox 963 3608 996 3662; x_wconf 96' lang='lat' dir='ltr'>of</span> <span class='ocrx_word' id='word_1_263' title='bbox 1004 3609 1053 3663; x_wconf 91' lang='lat' dir='ltr'>the</span> <span class='ocrx_word' id='word_1_264' title='bbox 1065 3609 1127 3664; x_wconf 88' lang='lat' dir='ltr'>law.</span> <span class='ocrx_word' id='word_1_265' title='bbox 1154 3608 1344 3665; x_wconf 85' lang='lat' dir='ltr'>Constantine</span> 
     </span>
     <span class='ocr_line' id='line_1_32' title="bbox 189 3691 1344 3760; baseline 0.002 -13"><span class='ocrx_word' id='word_1_266' title='bbox 189 3693 310 3747; x_wconf 86' lang='lat' dir='ltr'>enacted</span> <span class='ocrx_word' id='word_1_267' title='bbox 330 3694 390 3747; x_wconf 90' lang='lat' dir='ltr'>that</span> <span class='ocrx_word' id='word_1_268' title='bbox 411 3709 429 3747; x_wconf 90' lang='lat' dir='ltr'>a</span> <span class='ocrx_word' id='word_1_269' title='bbox 448 3694 560 3748; x_wconf 91' lang='lat' dir='ltr'>mother</span> <span class='ocrx_word' id='word_1_270' title='bbox 579 3692 645 3747; x_wconf 90' lang='lat' dir='ltr'>with</span> <span class='ocrx_word' id='word_1_271' title='bbox 665 3693 708 3747; x_wconf 93' lang='lat' dir='ltr'>ius</span> <span class='ocrx_word' id='word_1_272' title='bbox 727 3693 880 3747; x_wconf 89' lang='lat' dir='ltr'>liberorum</span> <span class='ocrx_word' id='word_1_273' title='bbox 898 3691 1001 3747; x_wconf 92' lang='lat' dir='ltr'>should</span> <span class='ocrx_word' id='word_1_274' title='bbox 1020 3700 1069 3746; x_wconf 92' lang='lat' dir='ltr'>not</span> <span class='ocrx_word' id='word_1_275' title='bbox 1090 3692 1157 3760; x_wconf 92' lang='lat' dir='ltr'>only</span> <span class='ocrx_word' id='word_1_276' title='bbox 1174 3691 1273 3748; x_wconf 87' lang='lat' dir='ltr'>divide</span> <span class='ocrx_word' id='word_1_277' title='bbox 1294 3694 1344 3749; x_wconf 86' lang='lat' dir='ltr'>the</span> 
     </span>
     <span class='ocr_line' id='line_1_33' title="bbox 189 3774 1344 3845; baseline 0 -14"><span class='ocrx_word' id='word_1_278' title='bbox 189 3775 352 3831; x_wconf 90' lang='lat' dir='ltr'>succession</span> <span class='ocrx_word' id='word_1_279' title='bbox 365 3774 431 3830; x_wconf 91' lang='lat' dir='ltr'>with</span> <span class='ocrx_word' id='word_1_280' title='bbox 447 3776 495 3830; x_wconf 90' lang='lat' dir='ltr'>the</span> <span class='ocrx_word' id='word_1_281' title='bbox 508 3793 588 3831; x_wconf 88' lang='lat' dir='ltr'>soror</span> <span class='ocrx_word' id='word_1_282' title='bbox 603 3775 815 3845; x_wconf 88' lang='lat' dir='ltr'>consanguinea</span> <span class='ocrx_word' id='word_1_283' title='bbox 831 3775 866 3830; x_wconf 84' lang='lat' dir='ltr'>of</span> <span class='ocrx_word' id='word_1_284' title='bbox 872 3776 921 3830; x_wconf 93' lang='lat' dir='ltr'>the</span> <span class='ocrx_word' id='word_1_285' title='bbox 933 3775 1083 3843; x_wconf 91' lang='lat' dir='ltr'>deceased,</span> <span class='ocrx_word' id='word_1_286' title='bbox 1096 3775 1147 3829; x_wconf 94' lang='lat' dir='ltr'>but</span> <span class='ocrx_word' id='word_1_287' title='bbox 1164 3775 1269 3830; x_wconf 86' lang='lat' dir='ltr'>should</span> <span class='ocrx_word' id='word_1_288' title='bbox 1282 3777 1344 3831; x_wconf 86' lang='lat' dir='ltr'>also</span> 
     </span>
     <span class='ocr_line' id='line_1_34' title="bbox 189 3858 1343 3928; baseline 0.001 -14"><span class='ocrx_word' id='word_1_289' title='bbox 189 3860 249 3914; x_wconf 91' lang='lat' dir='ltr'>lose</span> <span class='ocrx_word' id='word_1_290' title='bbox 262 3877 279 3914; x_wconf 92' lang='lat' dir='ltr'>a</span> <span class='ocrx_word' id='word_1_291' title='bbox 292 3859 367 3913; x_wconf 89' lang='lat' dir='ltr'>third</span> <span class='ocrx_word' id='word_1_292' title='bbox 385 3859 418 3913; x_wconf 92' lang='lat' dir='ltr'>of</span> <span class='ocrx_word' id='word_1_293' title='bbox 426 3858 447 3913; x_wconf 93' lang='lat' dir='ltr'>it</span> <span class='ocrx_word' id='word_1_294' title='bbox 466 3858 496 3914; x_wconf 89' lang='lat' dir='ltr'>in</span> <span class='ocrx_word' id='word_1_295' title='bbox 512 3859 611 3915; x_wconf 87' lang='lat' dir='ltr'>favour</span> <span class='ocrx_word' id='word_1_296' title='bbox 625 3860 657 3914; x_wconf 93' lang='lat' dir='ltr'>of</span> <span class='ocrx_word' id='word_1_297' title='bbox 665 3859 710 3913; x_wconf 90' lang='lat' dir='ltr'>his</span> <span class='ocrx_word' id='word_1_298' title='bbox 729 3876 761 3914; x_wconf 92' lang='lat' dir='ltr'>or</span> <span class='ocrx_word' id='word_1_299' title='bbox 779 3859 831 3914; x_wconf 88' lang='lat' dir='ltr'>her</span> <span class='ocrx_word' id='word_1_300' title='bbox 845 3858 959 3928; x_wconf 83' lang='lat' dir='ltr'>agnatio</span> <span class='ocrx_word' id='word_1_301' title='bbox 974 3860 1057 3914; x_wconf 90' lang='lat' dir='ltr'>uncle</span> <span class='ocrx_word' id='word_1_302' title='bbox 1070 3858 1209 3928; x_wconf 88' lang='lat' dir='ltr'>(patruus)</span> <span class='ocrx_word' id='word_1_303' title='bbox 1223 3858 1282 3913; x_wconf 89' lang='lat' dir='ltr'>and</span> <span class='ocrx_word' id='word_1_304' title='bbox 1298 3858 1343 3915; x_wconf 90' lang='lat' dir='ltr'>his</span> 
     </span>
     <span class='ocr_line' id='line_1_35' title="bbox 189 3941 1344 4013; baseline -0.001 -14"><span class='ocrx_word' id='word_1_305' title='bbox 189 3943 264 3999; x_wconf 90' lang='lat' dir='ltr'>issue</span> <span class='ocrx_word' id='word_1_306' title='bbox 278 3952 306 3999; x_wconf 93' lang='lat' dir='ltr'>to</span> <span class='ocrx_word' id='word_1_307' title='bbox 320 3943 368 3997; x_wconf 91' lang='lat' dir='ltr'>the</span> <span class='ocrx_word' id='word_1_308' title='bbox 381 3943 487 3997; x_wconf 89' lang='lat' dir='ltr'>second</span> <span class='ocrx_word' id='word_1_309' title='bbox 500 3943 611 4011; x_wconf 84' lang='lat' dir='ltr'>degree,</span> <span class='ocrx_word' id='word_1_310' title='bbox 624 3941 805 4012; x_wconf 90' lang='lat' dir='ltr'>irrespective</span> <span class='ocrx_word' id='word_1_311' title='bbox 818 3942 851 3996; x_wconf 92' lang='lat' dir='ltr'>of</span> <span class='ocrx_word' id='word_1_312' title='bbox 858 3941 959 4013; x_wconf 85' lang='lat' dir='ltr'>eapitis</span> <span class='ocrx_word' id='word_1_313' title='bbox 973 3941 1137 3996; x_wconf 90' lang='lat' dir='ltr'>deminutio.</span> <span class='ocrx_word' id='word_1_314' title='bbox 1176 3943 1224 3997; x_wconf 81' lang='lat' dir='ltr'>lle</span> <span class='ocrx_word' id='word_1_315' title='bbox 1234 3942 1344 3999; x_wconf 86' lang='lat' dir='ltr'>further</span> 
     </span>
     <span class='ocr_line' id='line_1_36' title="bbox 189 4023 1343 4095; baseline 0 -14"><span class='ocrx_word' id='word_1_316' title='bbox 189 4026 337 4081; x_wconf 89' lang='lat' dir='ltr'>conferred</span> <span class='ocrx_word' id='word_1_317' title='bbox 351 4042 388 4079; x_wconf 92' lang='lat' dir='ltr'>on</span> <span class='ocrx_word' id='word_1_318' title='bbox 401 4026 526 4081; x_wconf 88' lang='lat' dir='ltr'>mothers</span> <span class='ocrx_word' id='word_1_319' title='bbox 540 4025 656 4082; x_wconf 86' lang='lat' dir='ltr'>without</span> <span class='ocrx_word' id='word_1_320' title='bbox 673 4027 721 4082; x_wconf 89' lang='lat' dir='ltr'>the</span> <span class='ocrx_word' id='word_1_321' title='bbox 741 4025 783 4080; x_wconf 91' lang='lat' dir='ltr'>ius</span> <span class='ocrx_word' id='word_1_322' title='bbox 797 4025 949 4081; x_wconf 89' lang='lat' dir='ltr'>liberorum</span> <span class='ocrx_word' id='word_1_323' title='bbox 961 4042 979 4080; x_wconf 92' lang='lat' dir='ltr'>a</span> <span class='ocrx_word' id='word_1_324' title='bbox 991 4023 1067 4095; x_wconf 87' lang='lat' dir='ltr'>right</span> <span class='ocrx_word' id='word_1_325' title='bbox 1084 4023 1117 4079; x_wconf 91' lang='lat' dir='ltr'>of</span> <span class='ocrx_word' id='word_1_326' title='bbox 1129 4023 1296 4080; x_wconf 86' lang='lat' dir='ltr'>suecession</span> <span class='ocrx_word' id='word_1_327' title='bbox 1312 4036 1343 4081; x_wconf 92' lang='lat' dir='ltr'>to</span> 
     </span>
     <span class='ocr_line' id='line_1_37' title="bbox 189 4107 1344 4179; baseline -0.001 -12"><span class='ocrx_word' id='word_1_328' title='bbox 189 4127 208 4167; x_wconf 88' lang='lat' dir='ltr'>a</span> <span class='ocrx_word' id='word_1_329' title='bbox 225 4109 301 4164; x_wconf 90' lang='lat' dir='ltr'>third</span> <span class='ocrx_word' id='word_1_330' title='bbox 314 4108 347 4162; x_wconf 95' lang='lat' dir='ltr'>of</span> <span class='ocrx_word' id='word_1_331' title='bbox 355 4125 372 4163; x_wconf 93' lang='lat' dir='ltr'>a</span> <span class='ocrx_word' id='word_1_332' title='bbox 385 4107 525 4164; x_wconf 90' lang='lat' dir='ltr'>deceased</span> <span class='ocrx_word' id='word_1_333' title='bbox 544 4108 642 4164; x_wconf 89' lang='lat' dir='ltr'>child’s</span> <span class='ocrx_word' id='word_1_334' title='bbox 661 4119 802 4179; x_wconf 90' lang='lat' dir='ltr'>property,</span> <span class='ocrx_word' id='word_1_335' title='bbox 815 4109 864 4163; x_wconf 90' lang='lat' dir='ltr'>the</span> <span class='ocrx_word' id='word_1_336' title='bbox 882 4109 994 4164; x_wconf 85' lang='lat' dir='ltr'>residue</span> <span class='ocrx_word' id='word_1_337' title='bbox 1007 4107 1094 4177; x_wconf 90' lang='lat' dir='ltr'>going</span> <span class='ocrx_word' id='word_1_338' title='bbox 1112 4115 1142 4162; x_wconf 91' lang='lat' dir='ltr'>to</span> <span class='ocrx_word' id='word_1_339' title='bbox 1160 4107 1210 4163; x_wconf 88' lang='lat' dir='ltr'>the</span> <span class='ocrx_word' id='word_1_340' title='bbox 1229 4118 1344 4166; x_wconf 77' lang='lat' dir='ltr'>nearest</span> 
     </span>
     <span class='ocr_line' id='line_1_38' title="bbox 189 4189 1343 4262; baseline -0.001 -14"><span class='ocrx_word' id='word_1_341' title='bbox 189 4204 293 4262; x_wconf 90' lang='lat' dir='ltr'>agnate</span> <span class='ocrx_word' id='word_1_342' title='bbox 312 4202 499 4261; x_wconf 72' lang='lat' dir='ltr'>magnates,</span> <span class='ocrx_word' id='word_1_343' title='bbox 523 4191 580 4247; x_wconf 90' lang='lat' dir='ltr'>this</span> <span class='ocrx_word' id='word_1_344' title='bbox 599 4191 674 4246; x_wconf 89' lang='lat' dir='ltr'>third</span> <span class='ocrx_word' id='word_1_345' title='bbox 693 4209 750 4247; x_wconf 86' lang='lat' dir='ltr'>was</span> <span class='ocrx_word' id='word_1_346' title='bbox 770 4192 893 4247; x_wconf 92' lang='lat' dir='ltr'>doubled</span> <span class='ocrx_word' id='word_1_347' title='bbox 911 4192 949 4261; x_wconf 92' lang='lat' dir='ltr'>by</span> <span class='ocrx_word' id='word_1_348' title='bbox 966 4189 1144 4246; x_wconf 88' lang='lat' dir='ltr'>Theodosius</span> <span class='ocrx_word' id='word_1_349' title='bbox 1163 4190 1222 4245; x_wconf 89' lang='lat' dir='ltr'>and</span> <span class='ocrx_word' id='word_1_350' title='bbox 1238 4191 1343 4247; x_wconf 81' lang='lat' dir='ltr'>Valen·</span> 
     </span>
     <span class='ocr_line' id='line_1_39' title="bbox 189 4273 1344 4347; baseline -0.003 -13"><span class='ocrx_word' id='word_1_351' title='bbox 189 4277 287 4345; x_wconf 89' lang='lat' dir='ltr'>tinian,</span> <span class='ocrx_word' id='word_1_352' title='bbox 304 4277 366 4332; x_wconf 92' lang='lat' dir='ltr'>who</span> <span class='ocrx_word' id='word_1_353' title='bbox 384 4278 445 4331; x_wconf 90' lang='lat' dir='ltr'>also</span> <span class='ocrx_word' id='word_1_354' title='bbox 463 4293 535 4347; x_wconf 88' lang='lat' dir='ltr'>gave</span> <span class='ocrx_word' id='word_1_355' title='bbox 553 4292 572 4332; x_wconf 88' lang='lat' dir='ltr'>a</span> <span class='ocrx_word' id='word_1_356' title='bbox 589 4275 666 4332; x_wconf 90' lang='lat' dir='ltr'>third</span> <span class='ocrx_word' id='word_1_357' title='bbox 684 4286 714 4330; x_wconf 92' lang='lat' dir='ltr'>to</span> <span class='ocrx_word' id='word_1_358' title='bbox 732 4277 781 4332; x_wconf 90' lang='lat' dir='ltr'>the</span> <span class='ocrx_word' id='word_1_359' title='bbox 800 4275 963 4332; x_wconf 89' lang='lat' dir='ltr'>deceased’s</span> <span class='ocrx_word' id='word_1_360' title='bbox 983 4273 1183 4347; x_wconf 85' lang='lat' dir='ltr'>emancipated</span> <span class='ocrx_word' id='word_1_361' title='bbox 1201 4273 1344 4347; x_wconf 86' lang='lat' dir='ltr'>brothers,</span> 
     </span>
     <span class='ocr_line' id='line_1_40' title="bbox 190 4358 1039 4430; baseline -0.001 -15"><span class='ocrx_word' id='word_1_362' title='bbox 190 4360 283 4415; x_wconf 86' lang='lat' dir='ltr'>whom</span> <span class='ocrx_word' id='word_1_363' title='bbox 295 4359 456 4430; x_wconf 87' lang='lat' dir='ltr'>previously</span> <span class='ocrx_word' id='word_1_364' title='bbox 468 4360 516 4415; x_wconf 92' lang='lat' dir='ltr'>the</span> <span class='ocrx_word' id='word_1_365' title='bbox 529 4361 641 4415; x_wconf 86' lang='lat' dir='ltr'>mother</span> <span class='ocrx_word' id='word_1_366' title='bbox 652 4359 710 4415; x_wconf 92' lang='lat' dir='ltr'>had</span> <span class='ocrx_word' id='word_1_367' title='bbox 723 4359 881 4430; x_wconf 83' lang='lat' dir='ltr'>altogether</span> <span class='ocrx_word' id='word_1_368' title='bbox 891 4358 1039 4415; x_wconf 63' lang='lat' dir='ltr'>excluded„</span> 
     </span>
    </p>
   </div>
   <div class='ocr_carea' id='block_1_4' title="bbox 227 4392 1365 4517">
    <p class='ocr_par' dir='ltr' id='par_1_6' title="bbox 227 4392 1365 4517">
     <span class='ocr_line' id='line_1_41' title="bbox 227 4392 1365 4517; baseline 0 -20"><span class='ocrx_word' id='word_1_369' title='bbox 227 4440 259 4517; x_wconf 64' lang='lat' dir='ltr'>§i</span> <span class='ocrx_word' id='word_1_370' title='bbox 273 4446 302 4514; x_wconf 88' lang='lat'>4,</span> <span class='ocrx_word' id='word_1_371' title='bbox 316 4447 344 4500; x_wconf 82' lang='lat'>5.</span> <span class='ocrx_word' id='word_1_372' title='bbox 362 4442 504 4515; x_wconf 89' lang='lat' dir='ltr'>Justinian</span> <span class='ocrx_word' id='word_1_373' title='bbox 522 4442 672 4503; x_wconf 87' lang='lat' dir='ltr'>abolished</span> <span class='ocrx_word' id='word_1_374' title='bbox 684 4443 732 4503; x_wconf 88' lang='lat' dir='ltr'>the</span> <span class='ocrx_word' id='word_1_375' title='bbox 751 4442 795 4502; x_wconf 85' lang='lat' dir='ltr'>ius</span> <span class='ocrx_word' id='word_1_376' title='bbox 812 4441 973 4516; x_wconf 86' lang='lat' dir='ltr'>liberorum,</span> <span class='ocrx_word' id='word_1_377' title='bbox 986 4442 1072 4515; x_wconf 84' lang='lat' dir='ltr'>along</span> <span class='ocrx_word' id='word_1_378' title='bbox 1084 4438 1150 4497; x_wconf 86' lang='lat' dir='ltr'>with</span> <span class='ocrx_word' id='word_1_379' title='bbox 1169 4440 1218 4499; x_wconf 85' lang='lat' dir='ltr'>the</span> <span class='ocrx_word' id='word_1_380' title='bbox 1237 4392 1365 4498; x_wconf 41' lang='lat' dir='ltr'>deduc·-</span> 
     </span>
    </p>
   </div>
   <div class='ocr_carea' id='block_1_5' title="bbox 0 0 1498 5048">
    <p class='ocr_par' dir='ltr' id='par_1_7' title="bbox 0 0 1498 5048">
     <span class='ocr_line' id='line_1_42' title="bbox 0 0 1498 5048; baseline 0 0"><span class='ocrx_word' id='word_1_381' title='bbox 0 0 1498 5048; x_wconf 95' lang='lat' dir='ltr'> </span> 
     </span>
    </p>
   </div>
  </div>
 </body>
</html>
