2986 5048
189 339 253 409 228
394 344 747 404 INSTITUTIONUM
764 343 884 401 LIBRI
902 343 1139 416 QUATTUOR.
1231 345 1297 412 [Lib.
1309 350 1343 400 u.

162 512 300 598 lgilitas
315 510 348 576 in
364 509 542 594 perniciem
557 509 764 575 substantiae
786 528 901 573 earum
918 517 1171 575 converteretur.
1216 505 1344 572 Contra

189 626 302 682 autem
318 616 462 680 creditor
477 615 597 699 pignus
619 635 664 679 ex
686 613 850 697 pactione,
873 614 1025 695 quamvis
1047 613 1117 677 eius
1139 633 1179 677 ea
1202 632 1343 676 resnou

190 719 243 796 sit,
257 718 401 784 alienare
416 726 536 801 potest.
580 718 640 783 sed
664 718 727 782 hoc
749 716 887 782 forsitan
909 718 985 781 ideo
1004 717 1134 781 videtur
1155 715 1234 791 ficri,
1250 716 1343 798 quod

189 822 363 889 voluntate
384 821 545 887 debitoris
567 820 773 904 intellegitur
794 821 915 904 pignus
937 820 1089 898 alienare,
1111 821 1168 903 qui
1185 819 1229 883 ab
1247 819 1344 882 initio

190 935 380 992 contractus
402 933 520 1009 pactus
545 934 606 1004 est,
628 933 666 989 ut
688 925 802 990 liceret
824 925 977 989 creditori
999 925 1120 1008 pignus
1141 923 1294 998 vendere,
1313 921 1342 985 si

192 1029 333 1113 pecunia
351 1049 418 1094 non
440 1027 595 1094 solvatur.
639 1028 698 1093 sed
723 1049 766 1093 ne
791 1029 971 1094 creditores
994 1029 1044 1091 ius
1067 1049 1162 1091 suum
1189 1026 1342 1110 persequi

192 1132 430 1215 impedirentur
441 1152 548 1215 neque
564 1131 732 1197 debitores
748 1142 874 1196 temere
889 1152 1021 1195 suarum
1036 1152 1144 1195 rerum
1158 1131 1342 1194 dominium

191 1236 346 1302 amittere
353 1236 537 1314 videantur,
547 1244 659 1299 nostra
674 1236 911 1300 constitutione
926 1235 1113 1300 consultum
1126 1243 1177 1298 est
1190 1244 1223 1298 et
1233 1242 1342 1298 certus

193 1340 313 1405 modus
337 1339 512 1422 impositus
538 1349 598 1418 est,
627 1360 687 1424 per
712 1359 813 1424 quem
839 1340 1015 1423 pignorum
1039 1338 1210 1403 distractio
1237 1338 1343 1420 possit

192 1443 379 1527 procedere,
394 1442 486 1508 cuius
501 1431 616 1508 tenore
632 1443 763 1526 utrique
779 1444 864 1528 parti
885 1443 1083 1508 creditorum
1101 1451 1134 1505 et
1152 1441 1341 1504 debitorum

162 1549 275 1613 2satis
293 1546 492 1629 abundeque
514 1547 682 1630 provisum
706 1557 766 1613 est
811 1548 910 1611 Nunc
932 1546 1132 1610 admonendi
1155 1565 1269 1608 sumus
1285 1564 1344 1607 ne·

192 1671 258 1736 que
273 1650 436 1735 pupillum
459 1671 565 1733 neque
582 1651 743 1735 pupillam
766 1651 868 1715 ullam
892 1671 962 1716 rem
984 1651 1053 1714 sine
1068 1650 1187 1714 tutoris
1202 1648 1343 1713 auctori-

193 1763 265 1820 tate
279 1753 423 1819 alienare
441 1774 547 1837 posse.
592 1754 734 1836 ideoque
749 1754 777 1817 si
796 1763 946 1818 mutuam
964 1753 1139 1838 pecuniam
1160 1751 1256 1815 alicui
1272 1750 1343 1813 sine

193 1857 313 1922 tutoris
332 1857 530 1921 auctoritate
552 1855 688 1930 dederit,
712 1876 778 1921 uon
802 1857 966 1922 contrahit
991 1857 1238 1940 obligationem,
1265 1853 1344 1936 quia

193 1959 368 2045 pecuniam
394 1980 460 2025 non
486 1958 565 2024 iacit
591 1959 791 2042 accipientis.
836 1960 977 2042 ideoque
999 1960 1165 2024 vindicare
1190 1976 1344 2020 nummos

194 2074 343 2147 possunt,
358 2063 462 2127 sicubi
486 2071 623 2128 extent:
646 2063 705 2127 sed
730 2063 757 2127 si
779 2062 914 2139 nummi,
932 2084 1016 2146 quos
1034 2073 1168 2126 mutuos
1184 2061 1285 2137 dedit,
1299 2057 1344 2122 ab

195 2169 307 2250 coqui
324 2168 450 2251 accepit
470 2168 559 2232 bona
579 2166 645 2231 fide
671 2167 860 2251 consumpti
886 2175 972 2244 sunt,
996 2166 1123 2230 condici
1146 2175 1294 2248 possunt,
1316 2163 1345 2227 si

195 2270 283 2336 mala
298 2270 374 2347 fide,
390 2273 433 2335 ad
449 2270 675 2335 exhibendum
691 2271 734 2335 de
752 2270 804 2335 his
825 2270 879 2354 agi
902 2279 1024 2354 potest.
1068 2279 1104 2357 at
1120 2289 1163 2332 ex
1179 2267 1345 2331 contrario

194 2395 311 2440 omnes
331 2396 383 2440 res
409 2374 535 2459 pupillo
558 2384 593 2440 et
616 2373 763 2458 pupillae
790 2374 862 2439 sine
886 2372 1005 2439 tutoris
1031 2372 1229 2437 auctoritate
1254 2379 1344 2434 recte

90 2532 95 2541 .
193 2478 266 2544 dari
282 2489 430 2562 possunt.
466 2478 608 2563 ideoque
623 2479 651 2542 si
666 2479 797 2543 debitor
817 2477 944 2561 pupillo
962 2477 1077 2552 solvat,
1094 2475 1278 2540 necessaria
1293 2484 1346 2540 est

192 2581 312 2647 tutoris
336 2582 534 2646 auctoritas:
567 2581 714 2665 alioquin
737 2602 803 2646 non
827 2581 1027 2646 liberabitur.
1072 2581 1131 2645 sed
1157 2581 1257 2643 etiam
1280 2577 1344 2642 hoc

193 2685 440 2751 evidentissima
459 2687 586 2750 ratione
604 2695 767 2751 statutum
791 2695 842 2750 est
865 2685 898 2749 in
921 2685 1167 2760 constitutione,
1183 2705 1284 2768 quam
1299 2682 1343 2746 ad

195 2788 434 2855 Caesareenses
445 2791 627 2855 advocatos
638 2811 683 2854 ex
698 2791 911 2875 suggestione
925 2789 1120 2854 Triboniani
1129 2790 1189 2852 viri
1200 2789 1344 2852 eminen-

194 2894 313 2958 tissimi
338 2894 523 2977 quaestoris
556 2894 640 2959 sacri
679 2895 793 2977 palatii
829 2893 932 2959 nostri
960 2893 1250 2977 promulgavimus,
1275 2909 1343 2970 qua

195 2996 393 3079 dispositum
410 3005 461 3060 est
480 2998 528 3060 ita
545 2996 643 3061 licere
665 2998 767 3062 tutori
789 2997 842 3062 vel
866 2997 1008 3061 curatori
1030 2997 1213 3061 debitorem
1234 2989 1343 3073 pupil-

195 3097 297 3163 larem
317 3099 453 3176 solvere,
473 3109 511 3165 ut
532 3102 623 3183 prius
645 3101 812 3166 sententia
834 3100 994 3165 iudicialis
1016 3101 1087 3165 sine
1107 3094 1198 3160 omni
1217 3094 1342 3157 damno

193 3202 361 3268 celebrata
378 3203 442 3269 hoc
458 3205 639 3288 permittat.
684 3226 752 3288 quo
772 3204 959 3281 subsecuto,
977 3204 1004 3267 si
1026 3212 1061 3268 et
1081 3200 1183 3264 iudex
1197 3216 1343 3281 pronun·

108 3312 122 3335 ⁰
195 3307 326 3373 tiaverit
351 3316 387 3372 et
412 3308 544 3372 debitor
573 3307 716 3384 solverit,
747 3308 899 3390 sequitur
927 3305 1117 3385 huiusmodi
1147 3302 1346 3367 solutionem

196 3408 387 3493 plenissima
422 3411 586 3476 securitas.
642 3411 828 3475 sinautem
860 3409 957 3474 aliter
989 3429 1090 3492 quam
1124 3405 1348 3488 disposuimus

196 3513 319 3578 solutio
334 3513 422 3578 sacta
437 3513 535 3577 suerit
551 3522 585 3577 et
600 3514 773 3598 pecuniam
790 3512 916 3577 salvam
932 3512 1055 3578 habeat
1070 3510 1216 3594 pupillus
1230 3515 1288 3571 aut
1304 3527 1348 3570 ex

198 3636 238 3680 ea
252 3616 449 3700 locupletior
468 3618 511 3682 sit
531 3626 564 3681 et
587 3617 696 3682 adhuc
717 3618 858 3682 eandem
877 3636 1042 3680 summam
1062 3613 1223 3698 pecuniae
1245 3619 1349 3693 petat,

198 3739 257 3802 per
279 3722 512 3803 exceptionem
546 3720 614 3785 doli
646 3720 724 3784 mali
749 3719 949 3784 summoveri
972 3719 1112 3801 poterit:
1147 3714 1267 3798 quodsi
1291 3722 1350 3776 aut

198 3822 287 3887 male
306 3822 546 3906 consumpserit
566 3833 625 3889 aut
646 3823 735 3890 furto
756 3822 913 3902 amiserit,
937 3821 1016 3885 nihil
1040 3820 1187 3905 proderit
1206 3817 1349 3882 debitori

197 3925 268 3989 doli
284 3926 362 3990 mali
378 3928 542 4009 exceptio,
558 3927 616 3990 sed
638 3927 739 3991 nihilo
763 3928 872 3990 minus
894 3925 1115 4002 damnabitur,
1130 3922 1209 4006 quia
1225 3929 1350 3984 temere

198 4029 269 4093 sine
278 4030 397 4094 tutoris
408 4031 603 4095 auctoritate
616 4039 650 4094 et
661 4050 727 4094 non
742 4031 926 4094 secundum
940 4038 1087 4093 nostram
1099 4025 1349 4108 dispositionem

236 4282 251 4349 ς
266 4284 291 4335 1.
310 4282 368 4335 For
379 4281 428 4336 the
440 4297 535 4352 power
548 4281 579 4334 oi
589 4281 648 4336 sale
664 4279 693 4334 in
710 4298 728 4336 a
745 4280 848 4352 pignus
864 4280 923 4336 aud
934 4281 978 4335 sor
989 4278 1155 4351 Justinian’s
1167 4293 1230 4332 own
1242 4273 1351 4343 regula·

200 4362 275 4420 tions
287 4364 405 4418 thereon
419 4380 467 4419 see
481 4366 625 4419 Excursus
640 4364 740 4420 11.int.

236 4449 252 4515 ς
265 4449 295 4501 2.
314 4447 371 4502 For
383 4447 431 4502 the
444 4446 586 4518 necessity
598 4447 631 4501 oi
639 4447 688 4503 the
700 4446 862 4517 guardian's
875 4445 1028 4515 auctoritas
1042 4445 1070 4502 in
1084 4444 1191 4502 certain
1205 4445 1311 4499 classes
1325 4441 1357 4496 ol
