2986 5048
194 348 257 415 242
398 331 749 392 mamrurrotvum
766 331 886 386 amm
905 329 1138 403 QUATTUOR.
1234 330 1301 399 [ns.
1314 338 1359 401 rr,-

194 512 306 567 menta
322 509 393 566 rata
415 500 490 578 sint,
516 496 562 562 sic
586 495 733 577 intellegi
752 494 862 573 debet,
882 504 920 559 ut
942 496 1055 578 utique
1077 497 1168 578 prius
1190 507 1350 563 constare

192 607 313 673 debeat
328 613 566 671 testamentum
583 601 709 665 sactum
725 620 805 678 esse,
827 601 916 683 quod
933 609 966 664 et
982 601 1052 664 sine
1066 601 1225 684 scriptura
1239 622 1261 665 a
1277 623 1349 668 non

194 709 412 777 militantibus
432 727 563 790 quoque
578 705 647 768 fieri
663 713 784 788 potest.
819 704 847 766 is
862 724 940 788 ergo
961 703 1066 779 miles,
1082 705 1124 769 de
1139 705 1231 779 cuius
1246 706 1349 771 bonis

192 814 282 896 apud
298 821 332 876 te
347 812 522 894 quaeritur,
542 809 569 873 si
592 807 781 872 convocatis
803 809 846 871 ad
869 806 943 871 hoc'
956 806 1153 884 hominibus,
1176 818 1213 873 ut
1228 809 1348 873 volun-

193 927 299 982 tatem
323 937 417 980 suam
442 923 627 992 testaretur,
652 913 699 976 ita
725 911 855 976 locutus
882 921 941 990 est,
965 921 1003 975 ut
1026 912 1218 988 declararet,
1243 934 1347 996 quem

192 1021 293 1089 vellet
319 1019 382 1082 sibi
409 1039 481 1082 esse
510 1017 666 1081 heredem
698 1024 732 1078 et
761 1015 814 1079 cui
841 1013 1030 1079 libertatem
1054 1016 1206 1093 tribuere,
1231 1026 1347 1098 potest

193 1124 294 1188 videri
310 1124 382 1187 sine
397 1123 519 1206 scripto
534 1121 597 1184 hoc
614 1121 714 1183 modo
730 1139 802 1183 esse
817 1129 958 1183 testatus
966 1129 1000 1183 et
1016 1119 1170 1184 voluntas
1186 1121 1256 1184 eius
1272 1131 1347 1186 rata

192 1228 347 1295 habenda
362 1237 422 1292 est.
467 1236 613 1294 ceterum
630 1227 665 1302 si,
681 1233 718 1287 ut
735 1223 930 1306 plerumque
948 1224 1153 1288 sermonibus
1165 1224 1233 1288 fieri
1249 1225 1347 1304 solet,

193 1333 281 1399 dixit
305 1332 422 1397 alicui:
466 1336 547 1413 ‘ego
571 1338 605 1394 te
631 1328 788 1392 heredem
817 1325 922 1392 lacio’
952 1338 1010 1392 aut
1041 1329 1118 1394 ‘tibi
1148 1330 1238 1394 bona
1268 1351 1346 1395 mea

192 1434 360 1520 relinquo,’
387 1456 453 1501 non
483 1444 615 1518 oportet
643 1432 708 1497 hoc
737 1453 797 1517 pro
828 1442 1030 1497 testamento
1061 1434 1235 1498 observari.
1282 1456 1345 1501 nec

193 1542 334 1607 ullorum
357 1541 465 1624 magis
488 1540 625 1604 interest
647 1558 749 1621 quam
767 1538 923 1619 ipsorum,
944 1538 1064 1620 quibus
1084 1538 1116 1601 id
1136 1539 1345 1621 privilegium

191 1648 309 1711 datum
338 1655 397 1724 est,
424 1644 585 1709 eiusmodi
609 1641 801 1724 exemplum
833 1662 898 1704 non
928 1642 1081 1707 admitti:
1105 1643 1250 1726 alioquin
1276 1665 1346 1709 non

192 1749 367 1815 difficulter
390 1759 467 1832 post
492 1757 632 1812 mortem
655 1747 792 1810 alicuius
811 1746 925 1810 militis
950 1755 1051 1810 testes
1073 1748 1263 1824 existerent,
1287 1751 1345 1833 qui

192 1855 405 1918 adfirmarent
427 1875 463 1917 se
485 1853 616 1916 audisse
638 1852 804 1915 dicentem
826 1850 970 1933 aliquem
993 1850 1176 1934 relinquere
1194 1874 1230 1917 se
1244 1852 1344 1934 bona,

163 1959 244 2029 2cui
271 1959 378 2022 visum
403 1959 455 2035 sit,
481 1967 516 2023 et
534 1977 593 2040 per
618 1956 680 2020 hoc
707 1955 827 2020 iudicia
850 1976 929 2018 vera
954 1955 1204 2020 subvertantur.'
1251 1957 1344 2041 Quin

193 2052 296 2126 immo
312 2072 346 2126 et
366 2071 478 2126 mutus
498 2071 532 2126 et
555 2062 673 2124 surdus
696 2059 790 2123 miles
812 2068 1049 2124 testamentum
1070 2060 1176 2125 lacere
1191 2073 1344 2145 possunt.

163 2176 180 2230 3
194 2165 263 2231 Sed
279 2166 439 2229 hactenus
455 2163 518 2229 hoc
539 2164 603 2228 illis
622 2185 642 2228 a
666 2163 901 2246 principalibus
919 2164 1211 2229 constitutionibus
1226 2185 1345 2231 conce-

192 2270 290 2348 ditur,
305 2278 468 2353 quatenus
484 2269 628 2332 militant
649 2277 683 2331 et
706 2268 741 2331 in
760 2269 875 2331 castris
890 2269 1034 2351 degunt:
1058 2278 1134 2352 post
1151 2270 1346 2335 missionem

192 2394 270 2438 vero
285 2373 431 2437 veterani
446 2373 499 2437 vel
516 2382 613 2437 extra
630 2381 738 2436 castra
761 2372 788 2435 si
811 2371 933 2436 saciant
951 2372 1061 2437 adhuc
1079 2373 1260 2440 militantes
1275 2384 1344 2440 tes·

193 2483 389 2551 tamentum,
405 2476 572 2540 communi
592 2476 741 2539 omnium
760 2475 881 2540 civium
905 2475 1132 2540 Romanorum
1151 2477 1219 2542 iure
1234 2478 1344 2544 facere

192 2579 325 2645 debent.
378 2588 411 2643 et
435 2579 525 2663 quod
548 2579 582 2642 in
604 2580 719 2643 castris
739 2577 876 2643 fecerint
897 2588 1134 2645 testamentum
1159 2601 1226 2645 non
1252 2602 1345 2646 corn·

193 2682 284 2745 muni
314 2681 393 2759 iure,
423 2682 482 2746 sed
517 2683 686 2764 quomodo
723 2682 895 2760 voluerint,
921 2693 1001 2766 ‚post
1034 2684 1225 2748 missionem
1256 2686 1345 2751 intra

191 2806 315 2849 annum
339 2794 470 2849 tantum
491 2785 625 2851 valebit.
668 2786 748 2868 quid
773 2786 880 2869 igitur,
904 2785 930 2849 si
954 2787 1039 2850 intra
1061 2808 1185 2851 annum
1206 2788 1342 2871 quidem

192 2890 378 2968 decesserit,
395 2891 544 2954 condicio
564 2900 678 2954 autem
700 2890 814 2953 heredi
836 2891 1001 2973 adscripta
1020 2901 1096 2973 post
1116 2912 1240 2956 annum
1256 2893 1345 2958 exti-

193 2993 293 3057 terit?
324 3015 367 3057 an
386 2994 480 3076 quasi
499 2993 612 3058 militis
633 3004 869 3058 testamentum
891 2995 1022 3060 valeat?
1055 3005 1088 3060 et
1108 2996 1218 3078 placet
1232 2997 1343 3062 valere

163 3097 286 3178 tquasi
299 3096 420 3171 militis.
451 3095 519 3162 Sed
536 3107 570 3161 et
585 3098 612 3161 si
628 3099 702 3180 quis
716 3107 796 3161 ante
811 3098 963 3162 militiam
980 3119 1046 3162 non
1063 3099 1132 3162 iure
1147 3100 1224 3164 lecit
1239 3108 1344 3165 testa·

194 3211 343 3264 mentum
363 3210 396 3265 et
420 3200 513 3264 miles
536 3200 642 3264 iactus
666 3212 699 3266 et
722 3202 756 3264 in
779 3203 993 3285 expeditione
1016 3205 1140 3286 degens
1164 3204 1343 3286 resignavit

193 3304 273 3368 illud
290 3313 323 3367 et
338 3306 502 3388 quaedam
524 3304 646 3368 adiecit
664 3306 733 3369 sive
756 3306 901 3370 detraxit
924 3306 976 3370 vel
997 3306 1079 3371 alias
1100 3308 1277 3372 manifesta
1292 3319 1344 3373 est

194 3408 307 3476 militis
318 3408 471 3473 voluntas
486 3407 549 3472 hoc
564 3408 674 3474 valere
690 3408 841 3489 volentis,
857 3411 1034 3474 dicendum
1051 3421 1100 3475 est
1114 3412 1224 3477 valere
1239 3422 1343 3478 testa·

163 3520 342 3579 5mentum
366 3511 459 3593 quasi
485 3531 528 3574 ex
554 3532 638 3576 nova
663 3513 776 3576 militis
801 3514 984 3578 voluntate.
1030 3516 1182 3597 Denique
1204 3525 1239 3579 et
1261 3517 1344 3583 siin

191 3615 441 3698 adrogationem
454 3616 552 3679 datus
567 3615 666 3681 luerit
682 3617 776 3681 miles
791 3619 843 3683 vel
862 3618 948 3681 filius
963 3619 1104 3683 familias
1115 3620 1344 3703 emancipatus

193 3727 252 3793 est,
265 3727 502 3783 testamentum
519 3719 589 3783 eius
605 3721 698 3803 quasi
712 3722 824 3786 militis
843 3744 887 3786 ex
903 3744 987 3787 nova
999 3724 1170 3789 voluntate
1181 3725 1271 3789 valet
1282 3745 1344 3791 nec

192 3823 323 3895 videtur
338 3821 455 3904 capitis
470 3823 697 3891 deminutione
715 3826 841 3890 irritum
858 3825 938 3893 fieri.

162 3938 181 3994 6
237 3925 416 3993 Sciendum
432 3935 545 3991 tamen
562 3937 621 4006 est,
639 3932 730 4012 quod
752 3932 795 3994 ad
818 3930 1013 4015 exemplum
1034 3930 1207 3996 castrensis
1223 3933 1343 4013 peculii

192 4039 261 4094 tam
284 4030 463 4093 anteriores
478 4031 569 4113 leges
588 4053 689 4114 quam
713 4033 912 4117 principales
936 4036 1188 4099 constitutiones
1207 4036 1343 4117 quibus·

229 4209 287 4275 §2
306 4209 349 4278 By
364 4209 433 4264 Cod.
446 4209 472 4265 6.
486 4224 528 4263 22.
545 4225 577 4264 to
595 4211 631 4265 all
653 4211 723 4266 deas
741 4228 773 4265 or
791 4212 878 4267 dumb
898 4215 999 4282 people
1018 4213 1084 4267 who
1100 4213 1184 4268 could
1203 4213 1293 4285 spealt
1310 4230 1344 4269 or

192 4289 270 4345 write
289 4309 361 4346 were
381 4293 502 4348 enabled
524 4303 554 4348 to
573 4294 658 4349 malre
679 4311 697 4348 a
719 4295 782 4348 will.
827 4296 954 4366 Perhaps
974 4296 1022 4351 the
1042 4306 1100 4351 text
1122 4313 1221 4350 means
1243 4297 1305 4351 that
1325 4313 1344 4353 a

192 4372 297 4427 soldier
309 4375 372 4431 who
384 4392 442 4431 was
455 4376 524 4431 deas
532 4393 565 4430 or
577 4377 664 4434 dumb
678 4377 768 4448 might
784 4379 821 4433 do
839 4396 877 4434 so·
890 4396 961 4435 eren
974 4380 1012 4451 by
1025 4378 1103 4450 signs
1116 4397 1122 4436 ε
1142 4379 1185 4435 sor
1197 4378 1343 4451 analogies

193 4455 227 4513 ct
242 4455 365 4530 Dig.29.
382 4473 404 4517 1.
421 4472 461 4533 15.
478 4475 513 4530 ¹3
532 4475 574 4534 ap
588 4475 613 4532 7.
627 4462 652 4518 8.
665 4476 702 4532 43
722 4475 764 4535 ³2·
777 4477 819 4518 21.
833 4479 875 4536 pr.
