<?xml version="1.0" encoding="UTF-8"?>
<!DOCTYPE html PUBLIC "-//W3C//DTD XHTML 1.0 Transitional//EN"
    "http://www.w3.org/TR/xhtml1/DTD/xhtml1-transitional.dtd">
<html xmlns="http://www.w3.org/1999/xhtml" xml:lang="en" lang="en">
 <head>
  <title>
</title>
<meta http-equiv="Content-Type" content="text/html;charset=utf-8" />
  <meta name='ocr-system' content='tesseract 3.04.00' />
  <meta name='ocr-capabilities' content='ocr_page ocr_carea ocr_par ocr_line ocrx_word'/>
</head>
<body>
  <div class='ocr_page' id='page_1' title='image "./imperatorisiust00goog_0537.png"; bbox 0 0 2986 5048; ppageno 0'>
   <div class='ocr_carea' id='block_1_1' title="bbox 153 347 1307 427">
    <p class='ocr_par' dir='ltr' id='par_1_1' title="bbox 153 305 1307 427">
     <span class='ocr_line' id='line_1_1' title="bbox 153 347 1307 427; baseline -0.003 -21"><span class='ocrx_word' id='word_1_1' title='bbox 153 357 217 427; x_wconf 79' lang='lat'>524</span> <span class='ocrx_word' id='word_1_2' title='bbox 354 351 429 406; x_wconf 86' lang='lat' dir='ltr'>INS</span> <span class='ocrx_word' id='word_1_3' title='bbox 432 350 501 405; x_wconf 90' lang='lat' dir='ltr'>TIT</span> <span class='ocrx_word' id='word_1_4' title='bbox 505 349 559 404; x_wconf 87' lang='lat' dir='ltr'>UT</span> <span class='ocrx_word' id='word_1_5' title='bbox 559 349 705 405; x_wconf 79' lang='lat' dir='ltr'><em>lONUM</em></span> <span class='ocrx_word' id='word_1_6' title='bbox 722 348 841 403; x_wconf 88' lang='lat' dir='ltr'><em>LIBRI</em></span> <span class='ocrx_word' id='word_1_7' title='bbox 860 305 1096 419; x_wconf 81' lang='lat' dir='ltr'><em>QUATTUOR.</em></span> <span class='ocrx_word' id='word_1_8' title='bbox 1187 350 1252 416; x_wconf 83' lang='lat' dir='ltr'>[Lib.</span> <span class='ocrx_word' id='word_1_9' title='bbox 1263 356 1307 404; x_wconf 80' lang='lat' dir='ltr'>tv.</span> 
     </span>
    </p>
   </div>
   <div class='ocr_carea' id='block_1_2' title="bbox 110 511 1312 2877">
    <p class='ocr_par' dir='ltr' id='par_1_2' title="bbox 152 511 1308 1218">
     <span class='ocr_line' id='line_1_2' title="bbox 152 511 1306 596; baseline -0.002 -18"><span class='ocrx_word' id='word_1_10' title='bbox 152 526 227 578; x_wconf 90' lang='lat' dir='ltr'>acta</span> <span class='ocrx_word' id='word_1_11' title='bbox 242 513 301 577; x_wconf 92' lang='lat' dir='ltr'>sit:</span> <span class='ocrx_word' id='word_1_12' title='bbox 324 513 376 576; x_wconf 90' lang='lat' dir='ltr'>vel</span> <span class='ocrx_word' id='word_1_13' title='bbox 397 535 440 577; x_wconf 86' lang='lat' dir='ltr'>ex</span> <span class='ocrx_word' id='word_1_14' title='bbox 458 533 607 596; x_wconf 86' lang='lat' dir='ltr'>persona,</span> <span class='ocrx_word' id='word_1_15' title='bbox 627 511 729 575; x_wconf 90' lang='lat' dir='ltr'>veluti</span> <span class='ocrx_word' id='word_1_16' title='bbox 744 511 771 574; x_wconf 88' lang='lat' dir='ltr'>si</span> <span class='ocrx_word' id='word_1_17' title='bbox 795 513 1006 594; x_wconf 84' lang='lat' dir='ltr'><strong>magistratus</strong></span> <span class='ocrx_word' id='word_1_18' title='bbox 1021 512 1172 575; x_wconf 89' lang='lat' dir='ltr'>iniuriam</span> <span class='ocrx_word' id='word_1_19' title='bbox 1188 533 1306 595; x_wconf 89' lang='lat' dir='ltr'>passus</span> 
     </span>
     <span class='ocr_line' id='line_1_3' title="bbox 154 614 1307 698; baseline -0.002 -17"><span class='ocrx_word' id='word_1_20' title='bbox 154 619 259 696; x_wconf 86' lang='lat' dir='ltr'>fuerit,</span> <span class='ocrx_word' id='word_1_21' title='bbox 277 618 328 681; x_wconf 91' lang='lat' dir='ltr'>vel</span> <span class='ocrx_word' id='word_1_22' title='bbox 353 618 379 679; x_wconf 92' lang='lat' dir='ltr'>si</span> <span class='ocrx_word' id='word_1_23' title='bbox 402 618 544 681; x_wconf 89' lang='lat' dir='ltr'>senatori</span> <span class='ocrx_word' id='word_1_24' title='bbox 567 617 610 680; x_wconf 91' lang='lat' dir='ltr'>ab</span> <span class='ocrx_word' id='word_1_25' title='bbox 633 614 749 678; x_wconf 91' lang='lat' dir='ltr'>humili</span> <span class='ocrx_word' id='word_1_26' title='bbox 772 617 887 678; x_wconf 91' lang='lat' dir='ltr'>iniuria</span> <span class='ocrx_word' id='word_1_27' title='bbox 910 616 997 679; x_wconf 86' lang='lat' dir='ltr'>facta</span> <span class='ocrx_word' id='word_1_28' title='bbox 1018 618 1068 694; x_wconf 89' lang='lat' dir='ltr'>sit,</span> <span class='ocrx_word' id='word_1_29' title='bbox 1091 627 1149 680; x_wconf 92' lang='lat' dir='ltr'>aut</span> <span class='ocrx_word' id='word_1_30' title='bbox 1176 616 1307 698; x_wconf 92' lang='lat' dir='ltr'>parenti</span> 
     </span>
     <span class='ocr_line' id='line_1_4' title="bbox 155 719 1307 805; baseline 0 -21"><span class='ocrx_word' id='word_1_31' title='bbox 155 732 360 805; x_wconf 82' lang='lat' dir='ltr'>patronoque</span> <span class='ocrx_word' id='word_1_32' title='bbox 383 720 441 784; x_wconf 90' lang='lat' dir='ltr'>fiat</span> <span class='ocrx_word' id='word_1_33' title='bbox 461 741 482 783; x_wconf 90' lang='lat' dir='ltr'>a</span> <span class='ocrx_word' id='word_1_34' title='bbox 503 720 612 783; x_wconf 91' lang='lat' dir='ltr'>liberis</span> <span class='ocrx_word' id='word_1_35' title='bbox 633 719 685 783; x_wconf 93' lang='lat' dir='ltr'>vel</span> <span class='ocrx_word' id='word_1_36' title='bbox 705 720 851 783; x_wconf 85' lang='lat' dir='ltr'>libertis:</span> <span class='ocrx_word' id='word_1_37' title='bbox 873 719 969 783; x_wconf 90' lang='lat' dir='ltr'>aliter</span> <span class='ocrx_word' id='word_1_38' title='bbox 984 721 1071 783; x_wconf 88' lang='lat' dir='ltr'>enim</span> <span class='ocrx_word' id='word_1_39' title='bbox 1091 721 1251 783; x_wconf 89' lang='lat' dir='ltr'>senatoris</span> <span class='ocrx_word' id='word_1_40' title='bbox 1273 731 1307 784; x_wconf 96' lang='lat' dir='ltr'>et</span> 
     </span>
     <span class='ocr_line' id='line_1_5' title="bbox 155 823 1308 908; baseline -0.002 -20"><span class='ocrx_word' id='word_1_41' title='bbox 155 827 301 908; x_wconf 89' lang='lat' dir='ltr'>parentis</span> <span class='ocrx_word' id='word_1_42' title='bbox 316 824 522 906; x_wconf 90' lang='lat' dir='ltr'>patronique,</span> <span class='ocrx_word' id='word_1_43' title='bbox 538 824 634 887; x_wconf 88' lang='lat' dir='ltr'>aliter</span> <span class='ocrx_word' id='word_1_44' title='bbox 649 825 798 887; x_wconf 86' lang='lat' dir='ltr'>extranei</span> <span class='ocrx_word' id='word_1_45' title='bbox 813 833 847 886; x_wconf 92' lang='lat' dir='ltr'>et</span> <span class='ocrx_word' id='word_1_46' title='bbox 865 823 999 886; x_wconf 91' lang='lat' dir='ltr'>humilis</span> <span class='ocrx_word' id='word_1_47' title='bbox 1016 843 1176 906; x_wconf 88' lang='lat' dir='ltr'>personae</span> <span class='ocrx_word' id='word_1_48' title='bbox 1191 824 1308 887; x_wconf 90' lang='lat' dir='ltr'>iniuria</span> 
     </span>
     <span class='ocr_line' id='line_1_6' title="bbox 156 925 1307 1009; baseline -0.001 -18"><span class='ocrx_word' id='word_1_49' title='bbox 156 929 359 992; x_wconf 89' lang='lat' dir='ltr'>aestimatur.</span> <span class='ocrx_word' id='word_1_50' title='bbox 405 948 653 1009; x_wconf 89' lang='lat' dir='ltr'>nonnumquam</span> <span class='ocrx_word' id='word_1_51' title='bbox 674 935 707 990; x_wconf 91' lang='lat' dir='ltr'>et</span> <span class='ocrx_word' id='word_1_52' title='bbox 726 925 817 990; x_wconf 93' lang='lat' dir='ltr'>locus</span> <span class='ocrx_word' id='word_1_53' title='bbox 833 927 976 990; x_wconf 89' lang='lat' dir='ltr'>vulneris</span> <span class='ocrx_word' id='word_1_54' title='bbox 991 937 1139 991; x_wconf 90' lang='lat' dir='ltr'>atrocem</span> <span class='ocrx_word' id='word_1_55' title='bbox 1154 927 1307 990; x_wconf 90' lang='lat' dir='ltr'>iniuriam</span> 
     </span>
     <span class='ocr_line' id='line_1_7' title="bbox 156 1031 1306 1113; baseline 0.001 -20"><span class='ocrx_word' id='word_1_56' title='bbox 156 1031 244 1109; x_wconf 92' lang='lat' dir='ltr'>facit,</span> <span class='ocrx_word' id='word_1_57' title='bbox 258 1033 360 1095; x_wconf 91' lang='lat' dir='ltr'>veluti</span> <span class='ocrx_word' id='word_1_58' title='bbox 376 1032 402 1094; x_wconf 93' lang='lat' dir='ltr'>si</span> <span class='ocrx_word' id='word_1_59' title='bbox 419 1032 452 1094; x_wconf 88' lang='lat' dir='ltr'>in</span> <span class='ocrx_word' id='word_1_60' title='bbox 467 1031 564 1095; x_wconf 89' lang='lat' dir='ltr'>oculo</span> <span class='ocrx_word' id='word_1_61' title='bbox 579 1032 652 1112; x_wconf 88' lang='lat' dir='ltr'>quis</span> <span class='ocrx_word' id='word_1_62' title='bbox 674 1051 845 1113; x_wconf 93' lang='lat' dir='ltr'>percussus</span> <span class='ocrx_word' id='word_1_63' title='bbox 860 1033 911 1095; x_wconf 93' lang='lat' dir='ltr'>sit.</span> <span class='ocrx_word' id='word_1_64' title='bbox 956 1032 1048 1113; x_wconf 89' lang='lat' dir='ltr'>parvi</span> <span class='ocrx_word' id='word_1_65' title='bbox 1070 1041 1182 1094; x_wconf 91' lang='lat' dir='ltr'>autem</span> <span class='ocrx_word' id='word_1_66' title='bbox 1199 1031 1306 1104; x_wconf 81' lang='lat' dir='ltr'>refert,</span> 
     </span>
     <span class='ocr_line' id='line_1_8' title="bbox 157 1133 1307 1218; baseline -0.003 -21"><span class='ocrx_word' id='word_1_67' title='bbox 157 1146 268 1198; x_wconf 91' lang='lat' dir='ltr'>utrum</span> <span class='ocrx_word' id='word_1_68' title='bbox 292 1137 376 1218; x_wconf 89' lang='lat' dir='ltr'>patri</span> <span class='ocrx_word' id='word_1_69' title='bbox 400 1135 540 1198; x_wconf 82' lang='lat' dir='ltr'>familias</span> <span class='ocrx_word' id='word_1_70' title='bbox 565 1154 607 1197; x_wconf 90' lang='lat' dir='ltr'>an</span> <span class='ocrx_word' id='word_1_71' title='bbox 634 1133 701 1197; x_wconf 88' lang='lat' dir='ltr'>filio</span> <span class='ocrx_word' id='word_1_72' title='bbox 726 1133 867 1198; x_wconf 79' lang='lat' dir='ltr'>familias</span> <span class='ocrx_word' id='word_1_73' title='bbox 893 1134 969 1198; x_wconf 89' lang='lat' dir='ltr'>talis</span> <span class='ocrx_word' id='word_1_74' title='bbox 994 1135 1108 1197; x_wconf 94' lang='lat' dir='ltr'>iniuria</span> <span class='ocrx_word' id='word_1_75' title='bbox 1136 1133 1223 1198; x_wconf 89' lang='lat' dir='ltr'>facta</span> <span class='ocrx_word' id='word_1_76' title='bbox 1245 1135 1307 1196; x_wconf 87' lang='lat' dir='ltr'>sit:</span> 
     </span>
    </p>

    <p class='ocr_par' dir='ltr' id='par_1_3' title="bbox 110 1237 1311 2153">
     <span class='ocr_line' id='line_1_9' title="bbox 110 1237 1309 1303; baseline -0.002 0"><span class='ocrx_word' id='word_1_77' title='bbox 110 1248 144 1303; x_wconf 92' lang='lat'>10</span> <span class='ocrx_word' id='word_1_78' title='bbox 158 1259 235 1301; x_wconf 89' lang='lat' dir='ltr'>nam</span> <span class='ocrx_word' id='word_1_79' title='bbox 261 1249 294 1302; x_wconf 94' lang='lat' dir='ltr'>et</span> <span class='ocrx_word' id='word_1_80' title='bbox 318 1237 399 1302; x_wconf 89' lang='lat' dir='ltr'>haec</span> <span class='ocrx_word' id='word_1_81' title='bbox 425 1248 523 1301; x_wconf 88' lang='lat' dir='ltr'>atrox</span> <span class='ocrx_word' id='word_1_82' title='bbox 549 1237 786 1302; x_wconf 86' lang='lat' dir='ltr'>aestimabitur.</span> <span class='ocrx_word' id='word_1_83' title='bbox 843 1237 883 1301; x_wconf 94' lang='lat' dir='ltr'>In</span> <span class='ocrx_word' id='word_1_84' title='bbox 909 1257 1038 1300; x_wconf 90' lang='lat' dir='ltr'>summa</span> <span class='ocrx_word' id='word_1_85' title='bbox 1062 1237 1231 1301; x_wconf 91' lang='lat' dir='ltr'>sciendum</span> <span class='ocrx_word' id='word_1_86' title='bbox 1257 1248 1309 1301; x_wconf 92' lang='lat' dir='ltr'>est</span> 
     </span>
     <span class='ocr_line' id='line_1_10' title="bbox 158 1342 1309 1424; baseline -0.003 -17"><span class='ocrx_word' id='word_1_87' title='bbox 158 1345 200 1407; x_wconf 93' lang='lat' dir='ltr'>de</span> <span class='ocrx_word' id='word_1_88' title='bbox 228 1343 318 1405; x_wconf 92' lang='lat' dir='ltr'>omni</span> <span class='ocrx_word' id='word_1_89' title='bbox 345 1343 460 1405; x_wconf 92' lang='lat' dir='ltr'>iniuria</span> <span class='ocrx_word' id='word_1_90' title='bbox 485 1363 562 1406; x_wconf 92' lang='lat' dir='ltr'>eum</span> <span class='ocrx_word' id='word_1_91' title='bbox 585 1343 642 1424; x_wconf 93' lang='lat' dir='ltr'>qui</span> <span class='ocrx_word' id='word_1_92' title='bbox 672 1362 789 1424; x_wconf 91' lang='lat' dir='ltr'>passus</span> <span class='ocrx_word' id='word_1_93' title='bbox 816 1352 866 1405; x_wconf 92' lang='lat' dir='ltr'>est</span> <span class='ocrx_word' id='word_1_94' title='bbox 895 1362 993 1424; x_wconf 90' lang='lat' dir='ltr'>posse</span> <span class='ocrx_word' id='word_1_95' title='bbox 1018 1342 1070 1405; x_wconf 90' lang='lat' dir='ltr'>vel</span> <span class='ocrx_word' id='word_1_96' title='bbox 1097 1342 1309 1405; x_wconf 90' lang='lat' dir='ltr'>criminaliter</span> 
     </span>
     <span class='ocr_line' id='line_1_11' title="bbox 157 1446 1309 1529; baseline 0 -19"><span class='ocrx_word' id='word_1_97' title='bbox 157 1468 256 1529; x_wconf 86' lang='lat' dir='ltr'>agere</span> <span class='ocrx_word' id='word_1_98' title='bbox 271 1447 323 1510; x_wconf 92' lang='lat' dir='ltr'>vel</span> <span class='ocrx_word' id='word_1_99' title='bbox 340 1447 486 1510; x_wconf 89' lang='lat' dir='ltr'>civiliter.</span> <span class='ocrx_word' id='word_1_100' title='bbox 530 1457 565 1510; x_wconf 94' lang='lat' dir='ltr'>et</span> <span class='ocrx_word' id='word_1_101' title='bbox 585 1449 612 1510; x_wconf 94' lang='lat' dir='ltr'>si</span> <span class='ocrx_word' id='word_1_102' title='bbox 633 1447 768 1529; x_wconf 89' lang='lat' dir='ltr'>quidem</span> <span class='ocrx_word' id='word_1_103' title='bbox 785 1447 922 1510; x_wconf 90' lang='lat' dir='ltr'>civiliter</span> <span class='ocrx_word' id='word_1_104' title='bbox 935 1456 1061 1529; x_wconf 88' lang='lat' dir='ltr'>agatur,</span> <span class='ocrx_word' id='word_1_105' title='bbox 1076 1446 1309 1510; x_wconf 87' lang='lat' dir='ltr'>aestimatione</span> 
     </span>
     <span class='ocr_line' id='line_1_12' title="bbox 158 1550 1308 1633; baseline 0 -20"><span class='ocrx_word' id='word_1_106' title='bbox 158 1551 246 1614; x_wconf 92' lang='lat' dir='ltr'>facta</span> <span class='ocrx_word' id='word_1_107' title='bbox 262 1552 444 1614; x_wconf 92' lang='lat' dir='ltr'>secundum</span> <span class='ocrx_word' id='word_1_108' title='bbox 461 1552 551 1633; x_wconf 93' lang='lat' dir='ltr'>quod</span> <span class='ocrx_word' id='word_1_109' title='bbox 567 1552 692 1615; x_wconf 90' lang='lat' dir='ltr'>dictum</span> <span class='ocrx_word' id='word_1_110' title='bbox 706 1560 757 1615; x_wconf 89' lang='lat' dir='ltr'>est</span> <span class='ocrx_word' id='word_1_111' title='bbox 771 1571 879 1633; x_wconf 92' lang='lat' dir='ltr'>poena</span> <span class='ocrx_word' id='word_1_112' title='bbox 895 1550 1084 1633; x_wconf 88' lang='lat' dir='ltr'>imponitur.</span> <span class='ocrx_word' id='word_1_113' title='bbox 1129 1551 1179 1613; x_wconf 92' lang='lat' dir='ltr'>sin</span> <span class='ocrx_word' id='word_1_114' title='bbox 1194 1562 1308 1615; x_wconf 90' lang='lat' dir='ltr'>autern</span> 
     </span>
     <span class='ocr_line' id='line_1_13' title="bbox 158 1654 1308 1737; baseline -0.003 -18"><span class='ocrx_word' id='word_1_115' title='bbox 158 1654 377 1730; x_wconf 88' lang='lat' dir='ltr'>criminaliter,</span> <span class='ocrx_word' id='word_1_116' title='bbox 394 1656 501 1719; x_wconf 88' lang='lat' dir='ltr'>officio</span> <span class='ocrx_word' id='word_1_117' title='bbox 517 1656 632 1719; x_wconf 89' lang='lat' dir='ltr'>iudicis</span> <span class='ocrx_word' id='word_1_118' title='bbox 647 1655 907 1719; x_wconf 87' lang='lat' dir='ltr'>extraordinaria</span> <span class='ocrx_word' id='word_1_119' title='bbox 923 1675 1030 1737; x_wconf 90' lang='lat' dir='ltr'>poena</span> <span class='ocrx_word' id='word_1_120' title='bbox 1049 1676 1105 1719; x_wconf 91' lang='lat' dir='ltr'>reo</span> <span class='ocrx_word' id='word_1_121' title='bbox 1126 1656 1308 1737; x_wconf 85' lang='lat' dir='ltr'>irrogatur:</span> 
     </span>
     <span class='ocr_line' id='line_1_14' title="bbox 157 1759 1310 1842; baseline 0 -20"><span class='ocrx_word' id='word_1_122' title='bbox 157 1759 221 1823; x_wconf 93' lang='lat' dir='ltr'>hoc</span> <span class='ocrx_word' id='word_1_123' title='bbox 251 1759 404 1823; x_wconf 88' lang='lat' dir='ltr'>videlicet</span> <span class='ocrx_word' id='word_1_124' title='bbox 434 1760 652 1836; x_wconf 91' lang='lat' dir='ltr'>observando,</span> <span class='ocrx_word' id='word_1_125' title='bbox 683 1761 773 1842; x_wconf 94' lang='lat' dir='ltr'>quod</span> <span class='ocrx_word' id='word_1_126' title='bbox 810 1760 1002 1823; x_wconf 89' lang='lat' dir='ltr'>Zenoniana</span> <span class='ocrx_word' id='word_1_127' title='bbox 1037 1760 1229 1824; x_wconf 87' lang='lat' dir='ltr'>constitutio</span> <span class='ocrx_word' id='word_1_128' title='bbox 1260 1762 1310 1822; x_wconf 89' lang='lat' dir='ltr'>in·</span> 
     </span>
     <span class='ocr_line' id='line_1_15' title="bbox 159 1862 1311 1946; baseline -0.001 -20"><span class='ocrx_word' id='word_1_129' title='bbox 159 1862 318 1938; x_wconf 88' lang='lat' dir='ltr'>troduxit,</span> <span class='ocrx_word' id='word_1_130' title='bbox 348 1871 385 1926; x_wconf 94' lang='lat' dir='ltr'>ut</span> <span class='ocrx_word' id='word_1_131' title='bbox 419 1864 478 1926; x_wconf 94' lang='lat' dir='ltr'>viri</span> <span class='ocrx_word' id='word_1_132' title='bbox 513 1863 656 1928; x_wconf 87' lang='lat' dir='ltr'>illustres</span> <span class='ocrx_word' id='word_1_133' title='bbox 688 1863 811 1946; x_wconf 89' lang='lat' dir='ltr'>quique</span> <span class='ocrx_word' id='word_1_134' title='bbox 847 1883 946 1945; x_wconf 93' lang='lat' dir='ltr'>supra</span> <span class='ocrx_word' id='word_1_135' title='bbox 982 1884 1039 1926; x_wconf 91' lang='lat' dir='ltr'>eos</span> <span class='ocrx_word' id='word_1_136' title='bbox 1074 1872 1151 1926; x_wconf 94' lang='lat' dir='ltr'>sunt</span> <span class='ocrx_word' id='word_1_137' title='bbox 1186 1873 1220 1926; x_wconf 93' lang='lat' dir='ltr'>et</span> <span class='ocrx_word' id='word_1_138' title='bbox 1250 1884 1311 1945; x_wconf 93' lang='lat' dir='ltr'>per</span> 
     </span>
     <span class='ocr_line' id='line_1_16' title="bbox 159 1966 1309 2049; baseline 0 -21"><span class='ocrx_word' id='word_1_139' title='bbox 159 1977 386 2047; x_wconf 87' lang='lat' dir='ltr'>procuratores</span> <span class='ocrx_word' id='word_1_140' title='bbox 420 1967 547 2049; x_wconf 91' lang='lat' dir='ltr'>possint</span> <span class='ocrx_word' id='word_1_141' title='bbox 587 1969 751 2031; x_wconf 88' lang='lat' dir='ltr'>actionem</span> <span class='ocrx_word' id='word_1_142' title='bbox 786 1967 975 2030; x_wconf 89' lang='lat' dir='ltr'>iniuriarum</span> <span class='ocrx_word' id='word_1_143' title='bbox 1011 1966 1221 2030; x_wconf 87' lang='lat' dir='ltr'>criminaliter</span> <span class='ocrx_word' id='word_1_144' title='bbox 1256 1967 1309 2029; x_wconf 89' lang='lat' dir='ltr'>vel</span> 
     </span>
     <span class='ocr_line' id='line_1_17' title="bbox 159 2070 1309 2153; baseline 0.002 -22"><span class='ocrx_word' id='word_1_145' title='bbox 159 2070 310 2152; x_wconf 86' lang='lat' dir='ltr'>persequi</span> <span class='ocrx_word' id='word_1_146' title='bbox 333 2070 386 2133; x_wconf 94' lang='lat' dir='ltr'>vel</span> <span class='ocrx_word' id='word_1_147' title='bbox 409 2072 574 2153; x_wconf 88' lang='lat' dir='ltr'>suscipere</span> <span class='ocrx_word' id='word_1_148' title='bbox 601 2072 783 2136; x_wconf 91' lang='lat' dir='ltr'>secundum</span> <span class='ocrx_word' id='word_1_149' title='bbox 809 2070 879 2134; x_wconf 93' lang='lat' dir='ltr'>eius</span> <span class='ocrx_word' id='word_1_150' title='bbox 903 2079 1062 2148; x_wconf 91' lang='lat' dir='ltr'>tenorem,</span> <span class='ocrx_word' id='word_1_151' title='bbox 1085 2071 1141 2152; x_wconf 93' lang='lat' dir='ltr'>qui</span> <span class='ocrx_word' id='word_1_152' title='bbox 1168 2091 1212 2134; x_wconf 88' lang='lat' dir='ltr'>ex</span> <span class='ocrx_word' id='word_1_153' title='bbox 1237 2072 1309 2152; x_wconf 90' lang='lat' dir='ltr'>ipsa</span> 
     </span>
    </p>

    <p class='ocr_par' dir='ltr' id='par_1_4' title="bbox 113 2173 1312 2465">
     <span class='ocr_line' id='line_1_18' title="bbox 113 2173 1312 2256; baseline 0 -19"><span class='ocrx_word' id='word_1_154' title='bbox 113 2183 144 2237; x_wconf 94' lang='lat'>11</span> <span class='ocrx_word' id='word_1_155' title='bbox 161 2173 364 2236; x_wconf 89' lang='lat' dir='ltr'>manifestius</span> <span class='ocrx_word' id='word_1_156' title='bbox 379 2184 526 2256; x_wconf 88' lang='lat' dir='ltr'>apparet.</span> <span class='ocrx_word' id='word_1_157' title='bbox 572 2176 650 2239; x_wconf 93' lang='lat' dir='ltr'>Non</span> <span class='ocrx_word' id='word_1_158' title='bbox 666 2175 774 2239; x_wconf 91' lang='lat' dir='ltr'>solum</span> <span class='ocrx_word' id='word_1_159' title='bbox 794 2184 905 2238; x_wconf 92' lang='lat' dir='ltr'>autem</span> <span class='ocrx_word' id='word_1_160' title='bbox 928 2175 955 2236; x_wconf 89' lang='lat' dir='ltr'>is</span> <span class='ocrx_word' id='word_1_161' title='bbox 976 2174 1163 2237; x_wconf 90' lang='lat' dir='ltr'>iniuriamm</span> <span class='ocrx_word' id='word_1_162' title='bbox 1179 2183 1312 2237; x_wconf 91' lang='lat' dir='ltr'>tenetur</span> 
     </span>
     <span class='ocr_line' id='line_1_19' title="bbox 160 2278 1311 2362; baseline 0.002 -23"><span class='ocrx_word' id='word_1_163' title='bbox 160 2279 216 2359; x_wconf 88' lang='lat' dir='ltr'>qui</span> <span class='ocrx_word' id='word_1_164' title='bbox 239 2278 315 2340; x_wconf 91' lang='lat' dir='ltr'>fecit</span> <span class='ocrx_word' id='word_1_165' title='bbox 339 2278 498 2354; x_wconf 91' lang='lat' dir='ltr'>iniuriam,</span> <span class='ocrx_word' id='word_1_166' title='bbox 521 2278 585 2342; x_wconf 93' lang='lat' dir='ltr'>hoc</span> <span class='ocrx_word' id='word_1_167' title='bbox 608 2280 737 2361; x_wconf 89' lang='lat' dir='ltr'>estqui</span> <span class='ocrx_word' id='word_1_168' title='bbox 760 2279 938 2362; x_wconf 85' lang='lat' dir='ltr'>percussit:</span> <span class='ocrx_word' id='word_1_169' title='bbox 964 2298 1077 2341; x_wconf 85' lang='lat' dir='ltr'>verum</span> <span class='ocrx_word' id='word_1_170' title='bbox 1101 2278 1155 2340; x_wconf 91' lang='lat' dir='ltr'>ille</span> <span class='ocrx_word' id='word_1_171' title='bbox 1176 2298 1311 2360; x_wconf 91' lang='lat' dir='ltr'>quoque</span> 
     </span>
     <span class='ocr_line' id='line_1_20' title="bbox 160 2381 1311 2465; baseline -0.001 -20"><span class='ocrx_word' id='word_1_172' title='bbox 160 2381 390 2455; x_wconf 88' lang='lat' dir='ltr'>continebitur,</span> <span class='ocrx_word' id='word_1_173' title='bbox 407 2383 462 2464; x_wconf 94' lang='lat' dir='ltr'>qui</span> <span class='ocrx_word' id='word_1_174' title='bbox 479 2384 557 2446; x_wconf 93' lang='lat' dir='ltr'>dolo</span> <span class='ocrx_word' id='word_1_175' title='bbox 573 2384 649 2448; x_wconf 89' lang='lat' dir='ltr'>lecit</span> <span class='ocrx_word' id='word_1_176' title='bbox 664 2384 718 2448; x_wconf 90' lang='lat' dir='ltr'>vel</span> <span class='ocrx_word' id='word_1_177' title='bbox 738 2382 794 2465; x_wconf 96' lang='lat' dir='ltr'>qui</span> <span class='ocrx_word' id='word_1_178' title='bbox 816 2384 949 2460; x_wconf 93' lang='lat' dir='ltr'>curavit,</span> <span class='ocrx_word' id='word_1_179' title='bbox 965 2393 1001 2446; x_wconf 94' lang='lat' dir='ltr'>ut</span> <span class='ocrx_word' id='word_1_180' title='bbox 1022 2381 1074 2445; x_wconf 93' lang='lat' dir='ltr'>cui</span> <span class='ocrx_word' id='word_1_181' title='bbox 1090 2382 1178 2444; x_wconf 89' lang='lat' dir='ltr'>mala</span> <span class='ocrx_word' id='word_1_182' title='bbox 1198 2402 1311 2464; x_wconf 88' lang='lat' dir='ltr'>pugno</span> 
     </span>
    </p>

    <p class='ocr_par' dir='ltr' id='par_1_5' title="bbox 113 2468 1312 2877">
     <span class='ocr_line' id='line_1_21' title="bbox 113 2468 1312 2566; baseline -0.001 -18"><span class='ocrx_word' id='word_1_183' title='bbox 113 2501 146 2556; x_wconf 88' lang='lat'>12</span> <span class='ocrx_word' id='word_1_184' title='bbox 161 2494 395 2566; x_wconf 91' lang='lat' dir='ltr'>percuteretur.</span> <span class='ocrx_word' id='word_1_185' title='bbox 442 2486 537 2552; x_wconf 91' lang='lat' dir='ltr'>Haec</span> <span class='ocrx_word' id='word_1_186' title='bbox 564 2487 652 2552; x_wconf 91' lang='lat' dir='ltr'>actio</span> <span class='ocrx_word' id='word_1_187' title='bbox 679 2468 941 2550; x_wconf 78' lang='lat' dir='ltr'>dissimulatione</span> <span class='ocrx_word' id='word_1_188' title='bbox 965 2486 1135 2549; x_wconf 90' lang='lat' dir='ltr'>aboletur:</span> <span class='ocrx_word' id='word_1_189' title='bbox 1166 2496 1200 2549; x_wconf 94' lang='lat' dir='ltr'>et</span> <span class='ocrx_word' id='word_1_190' title='bbox 1226 2485 1312 2561; x_wconf 91' lang='lat' dir='ltr'>ide0‚</span> 
     </span>
     <span class='ocr_line' id='line_1_22' title="bbox 159 2589 1311 2673; baseline -0.002 -21"><span class='ocrx_word' id='word_1_191' title='bbox 159 2590 186 2652; x_wconf 91' lang='lat' dir='ltr'>si</span> <span class='ocrx_word' id='word_1_192' title='bbox 204 2589 277 2670; x_wconf 92' lang='lat' dir='ltr'>quis</span> <span class='ocrx_word' id='word_1_193' title='bbox 294 2589 443 2652; x_wconf 90' lang='lat' dir='ltr'>iniuriam</span> <span class='ocrx_word' id='word_1_194' title='bbox 460 2590 680 2673; x_wconf 87' lang='lat' dir='ltr'>dereliquerit,</span> <span class='ocrx_word' id='word_1_195' title='bbox 694 2589 757 2654; x_wconf 93' lang='lat' dir='ltr'>hoc</span> <span class='ocrx_word' id='word_1_196' title='bbox 774 2598 825 2653; x_wconf 90' lang='lat' dir='ltr'>est</span> <span class='ocrx_word' id='word_1_197' title='bbox 840 2590 954 2652; x_wconf 90' lang='lat' dir='ltr'>statim</span> <span class='ocrx_word' id='word_1_198' title='bbox 971 2609 1086 2670; x_wconf 90' lang='lat' dir='ltr'>passus</span> <span class='ocrx_word' id='word_1_199' title='bbox 1104 2589 1147 2651; x_wconf 92' lang='lat' dir='ltr'>ad</span> <span class='ocrx_word' id='word_1_200' title='bbox 1164 2589 1311 2651; x_wconf 90' lang='lat' dir='ltr'>animum</span> 
     </span>
     <span class='ocr_line' id='line_1_23' title="bbox 160 2692 1311 2776; baseline -0.001 -22"><span class='ocrx_word' id='word_1_201' title='bbox 160 2712 257 2754; x_wconf 92' lang='lat' dir='ltr'>suum</span> <span class='ocrx_word' id='word_1_202' title='bbox 270 2713 335 2754; x_wconf 94' lang='lat' dir='ltr'>non</span> <span class='ocrx_word' id='word_1_203' title='bbox 349 2696 557 2770; x_wconf 88' lang='lat' dir='ltr'>revocaverit,</span> <span class='ocrx_word' id='word_1_204' title='bbox 569 2704 685 2776; x_wconf 90' lang='lat' dir='ltr'>postea</span> <span class='ocrx_word' id='word_1_205' title='bbox 701 2714 745 2757; x_wconf 87' lang='lat' dir='ltr'>ex</span> <span class='ocrx_word' id='word_1_206' title='bbox 757 2693 960 2775; x_wconf 88' lang='lat' dir='ltr'>paenitentia</span> <span class='ocrx_word' id='word_1_207' title='bbox 974 2693 1144 2755; x_wconf 85' lang='lat' dir='ltr'>remissam</span> <span class='ocrx_word' id='word_1_208' title='bbox 1161 2692 1311 2755; x_wconf 91' lang='lat' dir='ltr'>iniuriam</span> 
     </span>
     <span class='ocr_line' id='line_1_24' title="bbox 161 2797 531 2877; baseline 0.011 -19"><span class='ocrx_word' id='word_1_209' title='bbox 161 2817 226 2858; x_wconf 94' lang='lat' dir='ltr'>non</span> <span class='ocrx_word' id='word_1_210' title='bbox 243 2798 364 2877; x_wconf 87' lang='lat' dir='ltr'>poterit</span> <span class='ocrx_word' id='word_1_211' title='bbox 381 2797 531 2862; x_wconf 89' lang='lat' dir='ltr'>recolere.</span> 
     </span>
    </p>
   </div>
   <div class='ocr_carea' id='block_1_3' title="bbox 161 3083 1318 4406">
    <p class='ocr_par' dir='ltr' id='par_1_6' title="bbox 161 3083 1318 3991">
     <span class='ocr_line' id='line_1_25' title="bbox 197 3083 1313 3156; baseline -0.001 -18"><span class='ocrx_word' id='word_1_212' title='bbox 197 3086 272 3151; x_wconf 63' lang='grc' dir='ltr'>ΜΟ.</span> <span class='ocrx_word' id='word_1_213' title='bbox 293 3084 428 3139; x_wconf 87' lang='lat' dir='ltr'>Criminal</span> <span class='ocrx_word' id='word_1_214' title='bbox 447 3085 627 3156; x_wconf 92' lang='lat' dir='ltr'>prosecution</span> <span class='ocrx_word' id='word_1_215' title='bbox 647 3087 680 3141; x_wconf 89' lang='lat' dir='ltr'>of</span> <span class='ocrx_word' id='word_1_216' title='bbox 698 3085 800 3140; x_wconf 90' lang='lat' dir='ltr'>iniuria</span> <span class='ocrx_word' id='word_1_217' title='bbox 818 3103 875 3140; x_wconf 88' lang='lat' dir='ltr'>was</span> <span class='ocrx_word' id='word_1_218' title='bbox 897 3097 945 3140; x_wconf 92' lang='lat' dir='ltr'>not</span> <span class='ocrx_word' id='word_1_219' title='bbox 965 3085 1054 3139; x_wconf 91' lang='lat' dir='ltr'>under</span> <span class='ocrx_word' id='word_1_220' title='bbox 1073 3102 1128 3153; x_wconf 88' lang='lat' dir='ltr'>any</span> <span class='ocrx_word' id='word_1_221' title='bbox 1146 3083 1313 3152; x_wconf 85' lang='lat' dir='ltr'>recognised</span> 
     </span>
     <span class='ocr_line' id='line_1_26' title="bbox 161 3166 1311 3238; baseline -0.001 -18"><span class='ocrx_word' id='word_1_222' title='bbox 161 3167 295 3221; x_wconf 89' lang='lat' dir='ltr'>iudicium</span> <span class='ocrx_word' id='word_1_223' title='bbox 315 3169 468 3238; x_wconf 91' lang='lat' dir='ltr'>publicum,</span> <span class='ocrx_word' id='word_1_224' title='bbox 487 3170 576 3223; x_wconf 87' lang='lat' dir='ltr'>hence</span> <span class='ocrx_word' id='word_1_225' title='bbox 596 3171 644 3224; x_wconf 90' lang='lat' dir='ltr'>the</span> <span class='ocrx_word' id='word_1_226' title='bbox 663 3170 804 3238; x_wconf 88' lang='lat' dir='ltr'>necessity</span> <span class='ocrx_word' id='word_1_227' title='bbox 817 3170 849 3222; x_wconf 95' lang='lat' dir='ltr'>of</span> <span class='ocrx_word' id='word_1_228' title='bbox 864 3186 901 3223; x_wconf 90' lang='lat' dir='ltr'>an</span> <span class='ocrx_word' id='word_1_229' title='bbox 921 3168 1141 3223; x_wconf 88' lang='lat' dir='ltr'>extraordinaria</span> <span class='ocrx_word' id='word_1_230' title='bbox 1156 3184 1249 3237; x_wconf 91' lang='lat' dir='ltr'>poena</span> <span class='ocrx_word' id='word_1_231' title='bbox 1266 3166 1311 3232; x_wconf 88' lang='lat' dir='ltr'>(cf.</span> 
     </span>
     <span class='ocr_line' id='line_1_27' title="bbox 162 3250 1313 3322; baseline -0.003 -17"><span class='ocrx_word' id='word_1_232' title='bbox 162 3253 209 3305; x_wconf 89' lang='lat' dir='ltr'>the</span> <span class='ocrx_word' id='word_1_233' title='bbox 229 3268 350 3320; x_wconf 87' lang='lat' dir='ltr'>passage</span> <span class='ocrx_word' id='word_1_234' title='bbox 368 3250 442 3305; x_wconf 88' lang='lat' dir='ltr'>cited</span> <span class='ocrx_word' id='word_1_235' title='bbox 462 3251 533 3306; x_wconf 87' lang='lat' dir='ltr'>from</span> <span class='ocrx_word' id='word_1_236' title='bbox 553 3252 620 3321; x_wconf 85' lang='lat' dir='ltr'>Dig.</span> <span class='ocrx_word' id='word_1_237' title='bbox 634 3266 678 3319; x_wconf 81' lang='lat'>47.</span> <span class='ocrx_word' id='word_1_238' title='bbox 693 3268 717 3309; x_wconf 88' lang='lat'>2.</span> <span class='ocrx_word' id='word_1_239' title='bbox 730 3267 764 3322; x_wconf 88' lang='lat'>92</span> <span class='ocrx_word' id='word_1_240' title='bbox 784 3270 821 3306; x_wconf 94' lang='lat' dir='ltr'>on</span> <span class='ocrx_word' id='word_1_241' title='bbox 838 3253 894 3306; x_wconf 91' lang='lat' dir='ltr'>Tit.</span> <span class='ocrx_word' id='word_1_242' title='bbox 912 3267 932 3306; x_wconf 87' lang='lat'>1.</span> <span class='ocrx_word' id='word_1_243' title='bbox 951 3267 982 3321; x_wconf 88' lang='lat'>19</span> <span class='ocrx_word' id='word_1_244' title='bbox 996 3252 1093 3322; x_wconf 84' lang='lat' dir='ltr'>supr.),</span> <span class='ocrx_word' id='word_1_245' title='bbox 1108 3250 1216 3319; x_wconf 84' lang='lat' dir='ltr'>though</span> <span class='ocrx_word' id='word_1_246' title='bbox 1233 3267 1313 3303; x_wconf 91' lang='lat' dir='ltr'>some</span> 
     </span>
     <span class='ocr_line' id='line_1_28' title="bbox 162 3333 1313 3406; baseline -0.003 -17"><span class='ocrx_word' id='word_1_247' title='bbox 162 3335 249 3389; x_wconf 89' lang='lat' dir='ltr'>forms</span> <span class='ocrx_word' id='word_1_248' title='bbox 268 3335 301 3387; x_wconf 96' lang='lat' dir='ltr'>of</span> <span class='ocrx_word' id='word_1_249' title='bbox 315 3335 335 3388; x_wconf 93' lang='lat' dir='ltr'>it</span> <span class='ocrx_word' id='word_1_250' title='bbox 349 3335 441 3388; x_wconf 88' lang='lat' dir='ltr'>would</span> <span class='ocrx_word' id='word_1_251' title='bbox 460 3352 540 3389; x_wconf 89' lang='lat' dir='ltr'>come</span> <span class='ocrx_word' id='word_1_252' title='bbox 560 3337 649 3390; x_wconf 88' lang='lat' dir='ltr'>under</span> <span class='ocrx_word' id='word_1_253' title='bbox 667 3336 781 3406; x_wconf 90' lang='lat' dir='ltr'>specific</span> <span class='ocrx_word' id='word_1_254' title='bbox 794 3346 921 3403; x_wconf 84' lang='lat' dir='ltr'>statutes,</span> <span class='ocrx_word' id='word_1_255' title='bbox 935 3354 960 3390; x_wconf 91' lang='lat' dir='ltr'>e.</span> <span class='ocrx_word' id='word_1_256' title='bbox 968 3353 996 3405; x_wconf 83' lang='lat' dir='ltr'>g.</span> <span class='ocrx_word' id='word_1_257' title='bbox 1009 3337 1057 3390; x_wconf 92' lang='lat' dir='ltr'>the</span> <span class='ocrx_word' id='word_1_258' title='bbox 1077 3337 1153 3404; x_wconf 86' lang='lat' dir='ltr'>leges</span> <span class='ocrx_word' id='word_1_259' title='bbox 1169 3333 1257 3387; x_wconf 87' lang='lat' dir='ltr'>Iuliae</span> <span class='ocrx_word' id='word_1_260' title='bbox 1277 3333 1313 3387; x_wconf 92' lang='lat' dir='ltr'>de</span> 
     </span>
     <span class='ocr_line' id='line_1_29' title="bbox 162 3416 1314 3487; baseline -0.002 -16"><span class='ocrx_word' id='word_1_261' title='bbox 162 3417 315 3485; x_wconf 90' lang='lat' dir='ltr'>adulteriis,</span> <span class='ocrx_word' id='word_1_262' title='bbox 336 3417 391 3471; x_wconf 89' lang='lat' dir='ltr'>Tit.</span> <span class='ocrx_word' id='word_1_263' title='bbox 409 3420 446 3472; x_wconf 92' lang='lat'>18.</span> <span class='ocrx_word' id='word_1_264' title='bbox 460 3434 479 3484; x_wconf 88' lang='grc'>4</span> <span class='ocrx_word' id='word_1_265' title='bbox 491 3418 548 3487; x_wconf 81' lang='lat' dir='ltr'>int,</span> <span class='ocrx_word' id='word_1_266' title='bbox 564 3419 622 3473; x_wconf 92' lang='lat' dir='ltr'>and</span> <span class='ocrx_word' id='word_1_267' title='bbox 641 3419 677 3474; x_wconf 91' lang='lat' dir='ltr'>de</span> <span class='ocrx_word' id='word_1_268' title='bbox 695 3419 729 3487; x_wconf 91' lang='lat' dir='ltr'>vi,</span> <span class='ocrx_word' id='word_1_269' title='bbox 744 3419 780 3473; x_wconf 89' lang='lat' dir='ltr'>ib.</span> <span class='ocrx_word' id='word_1_270' title='bbox 794 3421 830 3473; x_wconf 87' lang='lat'>8:</span> <span class='ocrx_word' id='word_1_271' title='bbox 850 3419 982 3474; x_wconf 89' lang='lat' dir='ltr'>Cornelia</span> <span class='ocrx_word' id='word_1_272' title='bbox 999 3421 1034 3473; x_wconf 92' lang='lat' dir='ltr'>de</span> <span class='ocrx_word' id='word_1_273' title='bbox 1053 3417 1169 3485; x_wconf 88' lang='lat' dir='ltr'>sicariis,</span> <span class='ocrx_word' id='word_1_274' title='bbox 1187 3416 1225 3470; x_wconf 91' lang='lat' dir='ltr'>lb.</span> <span class='ocrx_word' id='word_1_275' title='bbox 1245 3429 1268 3485; x_wconf 77' lang='grc' dir='ltr'>ς,</span> <span class='ocrx_word' id='word_1_276' title='bbox 1282 3432 1314 3469; x_wconf 88' lang='lat' dir='ltr'>or</span> 
     </span>
     <span class='ocr_line' id='line_1_30' title="bbox 164 3501 1318 3571; baseline -0.001 -16"><span class='ocrx_word' id='word_1_277' title='bbox 164 3502 254 3555; x_wconf 86' lang='lat' dir='ltr'>Fabia</span> <span class='ocrx_word' id='word_1_278' title='bbox 267 3501 302 3555; x_wconf 92' lang='lat' dir='ltr'>de</span> <span class='ocrx_word' id='word_1_279' title='bbox 315 3502 467 3571; x_wconf 83' lang='lat' dir='ltr'>plagiariis,</span> <span class='ocrx_word' id='word_1_280' title='bbox 482 3502 519 3557; x_wconf 84' lang='lat' dir='ltr'>ib.</span> <span class='ocrx_word' id='word_1_281' title='bbox 532 3519 569 3557; x_wconf 91' lang='lat'>10.</span> <span class='ocrx_word' id='word_1_282' title='bbox 600 3504 662 3558; x_wconf 91' lang='lat' dir='ltr'>The</span> <span class='ocrx_word' id='word_1_283' title='bbox 680 3504 765 3558; x_wconf 90' lang='lat' dir='ltr'>ranks</span> <span class='ocrx_word' id='word_1_284' title='bbox 783 3503 882 3571; x_wconf 87' lang='lat' dir='ltr'>higher</span> <span class='ocrx_word' id='word_1_285' title='bbox 895 3504 963 3557; x_wconf 90' lang='lat' dir='ltr'>than</span> <span class='ocrx_word' id='word_1_286' title='bbox 978 3502 1091 3557; x_wconf 90' lang='lat' dir='ltr'>illustris</span> <span class='ocrx_word' id='word_1_287' title='bbox 1106 3520 1177 3556; x_wconf 85' lang='lat' dir='ltr'>were</span> <span class='ocrx_word' id='word_1_288' title='bbox 1189 3503 1272 3555; x_wconf 90' lang='lat' dir='ltr'>those</span> <span class='ocrx_word' id='word_1_289' title='bbox 1286 3501 1318 3554; x_wconf 93' lang='lat' dir='ltr'>of</span> 
     </span>
     <span class='ocr_line' id='line_1_31' title="bbox 163 3584 1314 3655; baseline 0 -17"><span class='ocrx_word' id='word_1_290' title='bbox 163 3585 325 3639; x_wconf 90' lang='lat' dir='ltr'>consulares</span> <span class='ocrx_word' id='word_1_291' title='bbox 339 3586 394 3640; x_wconf 91' lang='lat' dir='ltr'>and</span> <span class='ocrx_word' id='word_1_292' title='bbox 409 3586 526 3655; x_wconf 88' lang='lat' dir='ltr'>patricii.</span> <span class='ocrx_word' id='word_1_293' title='bbox 573 3589 630 3640; x_wconf 86' lang='lat' dir='ltr'>For</span> <span class='ocrx_word' id='word_1_294' title='bbox 642 3588 740 3641; x_wconf 87' lang='lat' dir='ltr'>Zeno&#39;s</span> <span class='ocrx_word' id='word_1_295' title='bbox 756 3586 939 3641; x_wconf 88' lang='lat' dir='ltr'>constitution</span> <span class='ocrx_word' id='word_1_296' title='bbox 953 3587 988 3641; x_wconf 92' lang='lat' dir='ltr'>cf.</span> <span class='ocrx_word' id='word_1_297' title='bbox 1002 3587 1081 3641; x_wconf 87' lang='lat' dir='ltr'>Paul.</span> <span class='ocrx_word' id='word_1_298' title='bbox 1095 3595 1166 3640; x_wconf 85' lang='lat' dir='ltr'>sent.</span> <span class='ocrx_word' id='word_1_299' title='bbox 1179 3602 1235 3640; x_wconf 88' lang='lat' dir='ltr'>rec.</span> <span class='ocrx_word' id='word_1_300' title='bbox 1249 3584 1274 3638; x_wconf 87' lang='grc'>8.</span> <span class='ocrx_word' id='word_1_301' title='bbox 1288 3598 1314 3650; x_wconf 88' lang='grc'>4.</span> 
     </span>
     <span class='ocr_line' id='line_1_32' title="bbox 166 3667 1313 3740; baseline 0 -20"><span class='ocrx_word' id='word_1_302' title='bbox 166 3683 197 3721; x_wconf 88' lang='lat'>12</span> <span class='ocrx_word' id='word_1_303' title='bbox 220 3668 399 3722; x_wconf 90' lang='lat' dir='ltr'>‘iniuriarum</span> <span class='ocrx_word' id='word_1_304' title='bbox 425 3685 483 3722; x_wconf 93' lang='lat' dir='ltr'>non</span> <span class='ocrx_word' id='word_1_305' title='bbox 511 3669 565 3724; x_wconf 92' lang='lat' dir='ltr'>nisi</span> <span class='ocrx_word' id='word_1_306' title='bbox 588 3681 752 3739; x_wconf 88' lang='lat' dir='ltr'>praesentes</span> <span class='ocrx_word' id='word_1_307' title='bbox 777 3687 910 3724; x_wconf 88' lang='lat' dir='ltr'>accusare</span> <span class='ocrx_word' id='word_1_308' title='bbox 935 3680 1071 3740; x_wconf 90' lang='lat' dir='ltr'>possunt:</span> <span class='ocrx_word' id='word_1_309' title='bbox 1098 3668 1204 3723; x_wconf 89' lang='lat' dir='ltr'>crimen</span> <span class='ocrx_word' id='word_1_310' title='bbox 1228 3667 1313 3734; x_wconf 85' lang='lat' dir='ltr'>enirn,</span> 
     </span>
     <span class='ocr_line' id='line_1_33' title="bbox 163 3750 1314 3824; baseline -0.003 -19"><span class='ocrx_word' id='word_1_311' title='bbox 163 3752 239 3821; x_wconf 90' lang='lat' dir='ltr'>quod</span> <span class='ocrx_word' id='word_1_312' title='bbox 258 3752 399 3807; x_wconf 87' lang='lat' dir='ltr'>vindictae</span> <span class='ocrx_word' id='word_1_313' title='bbox 418 3763 466 3807; x_wconf 90' lang='lat' dir='ltr'>aut</span> <span class='ocrx_word' id='word_1_314' title='bbox 486 3754 644 3807; x_wconf 90' lang='lat' dir='ltr'>calumniae</span> <span class='ocrx_word' id='word_1_315' title='bbox 664 3753 798 3807; x_wconf 88' lang='lat' dir='ltr'>indicium</span> <span class='ocrx_word' id='word_1_316' title='bbox 818 3764 957 3824; x_wconf 87' lang='lat' dir='ltr'>expectat,</span> <span class='ocrx_word' id='word_1_317' title='bbox 974 3771 1024 3823; x_wconf 90' lang='lat' dir='ltr'>per</span> <span class='ocrx_word' id='word_1_318' title='bbox 1040 3753 1112 3808; x_wconf 88' lang='lat' dir='ltr'>alios</span> <span class='ocrx_word' id='word_1_319' title='bbox 1131 3750 1238 3805; x_wconf 91' lang='lat' dir='ltr'>intendi</span> <span class='ocrx_word' id='word_1_320' title='bbox 1256 3767 1314 3803; x_wconf 93' lang='lat' dir='ltr'>non</span> 
     </span>
     <span class='ocr_line' id='line_1_34' title="bbox 163 3835 1312 3908; baseline 0 -20"><span class='ocrx_word' id='word_1_321' title='bbox 163 3836 515 3904; x_wconf 80' lang='lat' dir='ltr'>potest,&#39;Dig.48.1.13.1</span> <span class='ocrx_word' id='word_1_322' title='bbox 532 3837 584 3891; x_wconf 89' lang='lat' dir='ltr'>‘ad</span> <span class='ocrx_word' id='word_1_323' title='bbox 601 3837 707 3891; x_wconf 88' lang='lat' dir='ltr'>crimen</span> <span class='ocrx_word' id='word_1_324' title='bbox 725 3837 820 3891; x_wconf 87' lang='lat' dir='ltr'>iudicii</span> <span class='ocrx_word' id='word_1_325' title='bbox 838 3837 942 3907; x_wconf 91' lang='lat' dir='ltr'>publici</span> <span class='ocrx_word' id='word_1_326' title='bbox 963 3836 1189 3908; x_wconf 88' lang='lat' dir='ltr'>persequendum</span> <span class='ocrx_word' id='word_1_327' title='bbox 1209 3835 1312 3888; x_wconf 86' lang='lat' dir='ltr'>frustra</span> 
     </span>
     <span class='ocr_line' id='line_1_35' title="bbox 164 3918 1052 3991; baseline 0.003 -21"><span class='ocrx_word' id='word_1_328' title='bbox 164 3929 328 3987; x_wconf 91' lang='lat' dir='ltr'>procurator</span> <span class='ocrx_word' id='word_1_329' title='bbox 341 3918 499 3985; x_wconf 90' lang='lat' dir='ltr'>intervenit,</span> <span class='ocrx_word' id='word_1_330' title='bbox 513 3923 657 3991; x_wconf 88' lang='lat' dir='ltr'>multoque</span> <span class='ocrx_word' id='word_1_331' title='bbox 670 3921 762 3988; x_wconf 84' lang='lat' dir='ltr'>magis</span> <span class='ocrx_word' id='word_1_332' title='bbox 775 3921 812 3975; x_wconf 88' lang='lat' dir='ltr'>ad</span> <span class='ocrx_word' id='word_1_333' title='bbox 825 3921 1052 3975; x_wconf 73' lang='lat' dir='ltr'>defendendum.¹</span> 
     </span>
    </p>

    <p class='ocr_par' dir='ltr' id='par_1_7' title="bbox 165 4002 1315 4406">
     <span class='ocr_line' id='line_1_36' title="bbox 201 4002 1314 4073; baseline 0 -19"><span class='ocrx_word' id='word_1_334' title='bbox 201 4004 276 4068; x_wconf 61' lang='lat'>§12</span> <span class='ocrx_word' id='word_1_335' title='bbox 296 4003 352 4054; x_wconf 85' lang='lat' dir='ltr'>For</span> <span class='ocrx_word' id='word_1_336' title='bbox 371 4002 427 4056; x_wconf 89' lang='lat' dir='ltr'>this</span> <span class='ocrx_word' id='word_1_337' title='bbox 446 4021 496 4058; x_wconf 90' lang='lat' dir='ltr'>use</span> <span class='ocrx_word' id='word_1_338' title='bbox 516 4005 548 4057; x_wconf 93' lang='lat' dir='ltr'>of</span> <span class='ocrx_word' id='word_1_339' title='bbox 563 4004 750 4058; x_wconf 90' lang='lat' dir='ltr'>dissimulatio</span> <span class='ocrx_word' id='word_1_340' title='bbox 770 4005 804 4058; x_wconf 91' lang='lat' dir='ltr'>cf.</span> <span class='ocrx_word' id='word_1_341' title='bbox 820 4004 884 4073; x_wconf 81' lang='lat' dir='ltr'>Dig.</span> <span class='ocrx_word' id='word_1_342' title='bbox 901 4020 941 4072; x_wconf 85' lang='lat'>23·</span> <span class='ocrx_word' id='word_1_343' title='bbox 956 4019 981 4071; x_wconf 82' lang='grc'>4.</span> <span class='ocrx_word' id='word_1_344' title='bbox 995 4018 1037 4071; x_wconf 92' lang='lat'>27,</span> <span class='ocrx_word' id='word_1_345' title='bbox 1052 4002 1122 4058; x_wconf 88' lang='lat' dir='ltr'>Cod.</span> <span class='ocrx_word' id='word_1_346' title='bbox 1136 4017 1160 4056; x_wconf 85' lang='lat'>2.</span> <span class='ocrx_word' id='word_1_347' title='bbox 1175 4016 1215 4055; x_wconf 85' lang='lat'>22.</span> <span class='ocrx_word' id='word_1_348' title='bbox 1234 4016 1243 4054; x_wconf 90' lang='lat'>1</span> <span class='ocrx_word' id='word_1_349' title='bbox 1260 4020 1266 4065; x_wconf 90' lang='lat'>;</span> <span class='ocrx_word' id='word_1_350' title='bbox 1289 4013 1314 4066; x_wconf 94' lang='lat'>7.</span> 
     </span>
     <span class='ocr_line' id='line_1_37' title="bbox 170 4085 1314 4157; baseline 0.001 -20"><span class='ocrx_word' id='word_1_351' title='bbox 170 4100 206 4153; x_wconf 83' lang='lat'>13.</span> <span class='ocrx_word' id='word_1_352' title='bbox 222 4101 246 4153; x_wconf 85' lang='lat'>3.</span> <span class='ocrx_word' id='word_1_353' title='bbox 284 4086 345 4138; x_wconf 91' lang='lat' dir='ltr'>The</span> <span class='ocrx_word' id='word_1_354' title='bbox 359 4086 492 4157; x_wconf 86' lang='lat' dir='ltr'>meaning</span> <span class='ocrx_word' id='word_1_355' title='bbox 505 4105 597 4143; x_wconf 87' lang='lat' dir='ltr'>seems</span> <span class='ocrx_word' id='word_1_356' title='bbox 616 4098 645 4141; x_wconf 90' lang='lat' dir='ltr'>to</span> <span class='ocrx_word' id='word_1_357' title='bbox 658 4088 694 4142; x_wconf 91' lang='lat' dir='ltr'>be</span> <span class='ocrx_word' id='word_1_358' title='bbox 712 4086 823 4142; x_wconf 90' lang='lat' dir='ltr'>arrived</span> <span class='ocrx_word' id='word_1_359' title='bbox 840 4097 869 4142; x_wconf 86' lang='lat' dir='ltr'>at</span> <span class='ocrx_word' id='word_1_360' title='bbox 888 4088 926 4156; x_wconf 91' lang='lat' dir='ltr'>by</span> <span class='ocrx_word' id='word_1_361' title='bbox 939 4085 1095 4156; x_wconf 83' lang='lat' dir='ltr'>supposing</span> <span class='ocrx_word' id='word_1_362' title='bbox 1107 4086 1168 4140; x_wconf 87' lang='lat' dir='ltr'>that</span> <span class='ocrx_word' id='word_1_363' title='bbox 1181 4103 1198 4138; x_wconf 90' lang='lat' dir='ltr'>a</span> <span class='ocrx_word' id='word_1_364' title='bbox 1211 4101 1314 4154; x_wconf 90' lang='lat' dir='ltr'>person</span> 
     </span>
     <span class='ocr_line' id='line_1_38' title="bbox 165 4166 1314 4240; baseline -0.001 -20"><span class='ocrx_word' id='word_1_365' title='bbox 165 4169 236 4236; x_wconf 91' lang='lat' dir='ltr'>who,</span> <span class='ocrx_word' id='word_1_366' title='bbox 250 4168 321 4222; x_wconf 90' lang='lat' dir='ltr'>after</span> <span class='ocrx_word' id='word_1_367' title='bbox 339 4178 368 4222; x_wconf 90' lang='lat' dir='ltr'>at</span> <span class='ocrx_word' id='word_1_368' title='bbox 388 4168 447 4223; x_wconf 89' lang='lat' dir='ltr'>first</span> <span class='ocrx_word' id='word_1_369' title='bbox 467 4169 567 4239; x_wconf 87' lang='lat' dir='ltr'>letting</span> <span class='ocrx_word' id='word_1_370' title='bbox 586 4187 622 4224; x_wconf 90' lang='lat' dir='ltr'>an</span> <span class='ocrx_word' id='word_1_371' title='bbox 637 4169 737 4224; x_wconf 90' lang='lat' dir='ltr'>iniuria</span> <span class='ocrx_word' id='word_1_372' title='bbox 750 4188 787 4240; x_wconf 84' lang='lat' dir='ltr'>go</span> <span class='ocrx_word' id='word_1_373' title='bbox 805 4171 851 4239; x_wconf 89' lang='lat' dir='ltr'>by,</span> <span class='ocrx_word' id='word_1_374' title='bbox 865 4171 932 4225; x_wconf 89' lang='lat' dir='ltr'>then</span> <span class='ocrx_word' id='word_1_375' title='bbox 946 4170 1043 4238; x_wconf 87' lang='lat' dir='ltr'>brings</span> <span class='ocrx_word' id='word_1_376' title='bbox 1062 4168 1106 4222; x_wconf 88' lang='lat' dir='ltr'>his</span> <span class='ocrx_word' id='word_1_377' title='bbox 1126 4168 1229 4234; x_wconf 90' lang='lat' dir='ltr'>action,</span> <span class='ocrx_word' id='word_1_378' title='bbox 1243 4166 1314 4220; x_wconf 90' lang='lat' dir='ltr'>‘dis-</span> 
     </span>
     <span class='ocr_line' id='line_1_39' title="bbox 166 4249 1315 4320; baseline 0.001 -16"><span class='ocrx_word' id='word_1_379' title='bbox 166 4251 308 4305; x_wconf 89' lang='lat' dir='ltr'>sembled’</span> <span class='ocrx_word' id='word_1_380' title='bbox 327 4250 369 4304; x_wconf 91' lang='lat' dir='ltr'>his</span> <span class='ocrx_word' id='word_1_381' title='bbox 388 4268 483 4320; x_wconf 84' lang='lat' dir='ltr'>anger.</span> <span class='ocrx_word' id='word_1_382' title='bbox 521 4254 584 4307; x_wconf 89' lang='lat' dir='ltr'>The</span> <span class='ocrx_word' id='word_1_383' title='bbox 600 4270 701 4308; x_wconf 89' lang='lat' dir='ltr'>reason</span> <span class='ocrx_word' id='word_1_384' title='bbox 720 4254 752 4306; x_wconf 95' lang='lat' dir='ltr'>of</span> <span class='ocrx_word' id='word_1_385' title='bbox 768 4255 816 4308; x_wconf 89' lang='lat' dir='ltr'>the</span> <span class='ocrx_word' id='word_1_386' title='bbox 833 4255 892 4308; x_wconf 89' lang='lat' dir='ltr'>rule</span> <span class='ocrx_word' id='word_1_387' title='bbox 915 4253 938 4307; x_wconf 93' lang='lat' dir='ltr'>is</span> <span class='ocrx_word' id='word_1_388' title='bbox 960 4254 1022 4307; x_wconf 90' lang='lat' dir='ltr'>that</span> <span class='ocrx_word' id='word_1_389' title='bbox 1041 4253 1089 4308; x_wconf 91' lang='lat' dir='ltr'>the</span> <span class='ocrx_word' id='word_1_390' title='bbox 1106 4251 1180 4307; x_wconf 91' lang='lat' dir='ltr'>actio</span> <span class='ocrx_word' id='word_1_391' title='bbox 1198 4249 1315 4305; x_wconf 88' lang='lat' dir='ltr'>iniuriae</span> 
     </span>
     <span class='ocr_line' id='line_1_40' title="bbox 166 4333 811 4406; baseline 0.005 -18"><span class='ocrx_word' id='word_1_392' title='bbox 166 4333 216 4388; x_wconf 85' lang='lat' dir='ltr'>‘ex</span> <span class='ocrx_word' id='word_1_393' title='bbox 228 4334 304 4388; x_wconf 92' lang='lat' dir='ltr'>bono</span> <span class='ocrx_word' id='word_1_394' title='bbox 318 4345 344 4389; x_wconf 88' lang='lat' dir='ltr'>et</span> <span class='ocrx_word' id='word_1_395' title='bbox 358 4351 450 4404; x_wconf 87' lang='lat' dir='ltr'>aequo</span> <span class='ocrx_word' id='word_1_396' title='bbox 464 4337 522 4391; x_wconf 85' lang='lat' dir='ltr'>est&#39;</span> <span class='ocrx_word' id='word_1_397' title='bbox 536 4335 600 4406; x_wconf 87' lang='lat' dir='ltr'>Dig.</span> <span class='ocrx_word' id='word_1_398' title='bbox 616 4350 659 4402; x_wconf 81' lang='lat'>47.</span> <span class='ocrx_word' id='word_1_399' title='bbox 676 4352 714 4390; x_wconf 81' lang='grc' dir='ltr'>ιο.</span> <span class='ocrx_word' id='word_1_400' title='bbox 732 4352 770 4391; x_wconf 92' lang='lat'>11.</span> <span class='ocrx_word' id='word_1_401' title='bbox 790 4352 811 4392; x_wconf 90' lang='lat'>1.</span> 
     </span>
    </p>
   </div>
   <div class='ocr_carea' id='block_1_4' title="bbox 0 0 1511 5048">
    <p class='ocr_par' dir='ltr' id='par_1_8' title="bbox 0 0 1511 5048">
     <span class='ocr_line' id='line_1_41' title="bbox 0 0 1511 5048; baseline 0 0"><span class='ocrx_word' id='word_1_402' title='bbox 0 0 1511 5048; x_wconf 95' lang='lat' dir='ltr'> </span> 
     </span>
    </p>
   </div>
  </div>
 </body>
</html>
