2986 5048
168 390 218 440 Tit.
229 382 279 453 ¹5·]
439 464 448 475 .
572 379 633 436 DE
654 380 734 434 INT
731 379 890 437 ERDICT
887 382 937 441 IS.

167 549 218 626 sit,
243 547 318 612 licet
341 544 368 610 is
390 543 460 610 eius
483 542 542 609 iuri
565 544 732 609 subiectus
756 565 821 609 non
845 546 897 622 sit,
920 540 1027 628 qualis
1049 555 1100 609 est
1123 543 1260 609 colonus
1283 556 1318 610 et

168 652 363 735 inquilinus:
386 668 526 733 percos
552 669 696 732 quoque,
721 650 809 732 apud
837 670 920 732 quos
944 650 1135 731 deposuerit
1160 649 1234 732 quis
1258 661 1317 714 aut

168 756 286 837 quibus
317 753 585 828 commodaverit,
615 753 686 835 ipse
721 753 889 835 possidere
918 754 1065 817 videtur:
1098 764 1132 817 et
1161 752 1225 816 hoc
1257 765 1316 829 est,

167 859 256 941 quod
279 859 397 922 dicitur
415 858 554 921 retinere
576 857 816 938 possessionem
840 877 937 939 posse
958 857 1103 939 aliquem
1127 877 1186 939 per
1201 878 1318 939 quern·

166 964 257 1040 libet,
272 963 328 1045 qui
352 963 422 1025 eius
445 961 578 1024 nomine
600 961 643 1024 sit
666 961 699 1023 in
722 962 938 1043 possessione.
983 961 1063 1043 quin
1084 961 1185 1024 etiam
1206 961 1318 1024 animo

167 1087 298 1149 quoque
314 1065 444 1130 retineri
465 1065 706 1148 possessionem
730 1063 848 1146 placet,
864 1064 897 1127 id
919 1075 969 1129 est
986 1073 1031 1143 ut,
1046 1065 1195 1147 quamvis
1212 1085 1318 1146 neque

168 1171 238 1252 ipse
253 1170 295 1233 sit
311 1170 344 1231 in
360 1169 565 1251 possessione
585 1188 693 1250 neque
714 1169 784 1231 eius
803 1169 936 1232 nomine
956 1168 1049 1244 alius,
1065 1178 1178 1232 tamen
1203 1168 1230 1231 si
1252 1189 1318 1231 non

168 1273 400 1355 relinquendae
422 1273 637 1354 possessionis
660 1273 781 1350 animo,
805 1274 863 1337 sed
892 1259 1008 1355 postea
1031 1292 1216 1336 reversurus
1241 1272 1318 1336 inde

166 1377 360 1455 discesserit,
380 1377 519 1440 retinere
541 1377 782 1459 possessionem
803 1376 942 1441 videtur.
988 1375 1125 1458 adipisci
1144 1395 1222 1439 vero
1241 1395 1317 1456 pos·

166 1482 345 1544 sessionem
368 1500 427 1563 per
446 1500 529 1563 quos
548 1479 666 1562 aliquis
685 1488 806 1563 potest,
823 1481 969 1544 secundo
989 1480 1073 1543 libro
1090 1480 1316 1561 exposuimus.

167 1605 227 1649 nec
244 1584 309 1648 ulla
324 1583 489 1648 dubitatio
509 1594 568 1661 est,
591 1584 671 1667 quin
693 1585 806 1647 animo
829 1583 900 1648 solo
921 1585 1162 1668 possessionem
1179 1582 1316 1664 adipisci

168 1708 267 1752 nemo
282 1694 403 1770 potest.
449 1686 700 1770 Reciperandae
711 1688 927 1770 possessionis
942 1708 1042 1752 causa
1056 1686 1140 1751 solet
1157 1685 1347 1761 interdiciti

167 1793 193 1855 si
220 1792 294 1874 quis
320 1812 363 1855 ex
386 1791 594 1872 possessione
617 1790 709 1855 fundi
734 1792 786 1856 vel
812 1793 944 1856 aedium
968 1792 1000 1855 vi
1027 1791 1174 1855 deiectus
1200 1789 1316 1853 suerit:

167 1915 242 1958 nam
261 1896 289 1958 ei
306 1896 500 1978 proponitur
514 1895 726 1960 interdictum
742 1897 830 1960 unde
845 1898 886 1972 vi,
905 1916 964 1979 per
977 1896 1065 1979 quod
1083 1895 1181 1977 isqui
1197 1893 1317 1957 deiecit

167 1999 295 2082 cogitur
310 1999 339 2062 ei
356 1998 525 2063 restituere
542 2000 793 2082 possessionem,
807 2000 886 2065 licet
907 2001 935 2063 is
952 2000 995 2064 ab
1017 2021 1057 2064 eo
1075 1997 1178 2082 quivi
1196 1996 1317 2061 deiecit

165 2103 197 2167 vi
220 2102 272 2166 vel
295 2102 380 2166 clam
406 2102 457 2166 vel
484 2102 629 2185 precario
651 2103 853 2186 possidebat.
906 2104 964 2168 sed
995 2124 1039 2168 ex
1069 2101 1169 2166 sacris
1195 2100 1317 2165 consti·

166 2206 357 2283 tutionibus,
374 2217 410 2270 ut
426 2227 525 2289 supra
541 2206 696 2282 diximus,
715 2208 742 2272 si
758 2208 832 2291 quis
847 2228 916 2272 rem
937 2229 997 2291 per
1011 2208 1078 2271 vim
1089 2205 1318 2289 occupaverit,

167 2310 194 2373 si
218 2309 351 2393 quidem
377 2309 410 2372 in
434 2309 528 2374 bonis
552 2312 622 2374 eius
643 2321 704 2390 est,
719 2312 867 2376 dominio
883 2312 954 2376 eius
975 2312 1128 2395 privatur,
1151 2310 1178 2373 si
1201 2310 1317 2387 aliena,

166 2423 242 2498 post
273 2414 343 2478 eius
372 2413 615 2478 restitutionem
646 2416 748 2479 etiam
776 2416 1042 2479 aestimationem
1072 2414 1117 2478 rei
1144 2415 1223 2478 dare
1249 2412 1316 2476 vim

166 2539 265 2602 passo
291 2517 508 2601 compellitur.
561 2519 617 2601 qui
647 2529 759 2583 autem
789 2519 933 2602 aliquem
961 2519 1004 2581 de
1028 2517 1234 2601 possessione
1260 2537 1319 2600 per

166 2622 232 2685 vim
246 2621 408 2700 deiecerit,
421 2632 552 2688 tenetur
567 2622 641 2706 lege
658 2623 742 2687 iulia
754 2624 796 2687 de
810 2624 842 2686 vi
858 2622 985 2706 privata
997 2630 1054 2684 aut
1067 2622 1109 2684 de
1120 2620 1152 2684 vi
1165 2620 1316 2703 publica:

112 2739 114 2742 ’
167 2727 225 2790 sed
249 2726 345 2790 dcvi
368 2725 505 2809 privata,
527 2726 555 2790 si
577 2728 648 2790 sine
671 2727 770 2790 armis
794 2726 862 2790 vim
888 2724 1010 2802 iecerit,
1032 2725 1083 2787 sin
1105 2733 1217 2787 autem
1241 2743 1317 2786 cum

166 2830 265 2892 armis
281 2849 357 2892 cum
376 2830 419 2892 de
439 2829 644 2912 possessione
665 2829 838 2912 expulerit,
854 2828 896 2892 de
911 2829 942 2891 vi
963 2828 1105 2912 publica.
1149 2845 1316 2889 armorum

166 2944 278 2996 autem
309 2931 531 3015 appellatione
561 2953 627 2996 non
657 2931 764 2997 solum
795 2943 889 2997 scuta
918 2940 952 2995 et
982 2930 1111 3014 gladios
1141 2940 1175 2994 et
1204 2929 1318 3011 galeas

169 3188 213 3241 lll
229 3204 304 3258 supr.
341 3189 403 3242 The
422 3185 564 3258 following
583 3197 656 3243 texts
676 3186 730 3240 will
748 3188 815 3258 help
834 3198 863 3242 to
883 3187 1024 3242 elucidate
1045 3187 1093 3242 tho
1118 3196 1232 3258 present
1251 3202 1315 3255 pas·

166 3276 253 3327 sage:

203 3341 269 3411 Dig.
282 3357 326 3410 41.
340 3356 396 3411 2.9
415 3341 598 3412 ‘generaliter
617 3340 745 3413 quisquis
762 3340 878 3397 omnino
895 3353 992 3397 nostro
1009 3339 1125 3396 nomine
1146 3338 1182 3395 sit
1204 3342 1235 3396 r'n
1251 3343 1316 3412 pos·

166 3427 292 3494 sessione,
311 3425 396 3481 veluti
421 3437 595 3495 procurator,
613 3426 727 3495 hospes,
745 3425 863 3495 amicus,
881 3442 935 3481 nos
954 3425 1098 3497 possidere
1116 3423 1260 3492 videmur,¹
1278 3422 1316 3478 ib.

170 3524 207 3562 10.
226 3523 236 3561 1
252 3507 344 3563 ‘aliud
357 3519 400 3563 est
413 3549 419 3564 .
433 3551 441 3564 .
454 3550 461 3564 .
475 3510 642 3580 possidere,
661 3510 745 3579 longe
763 3508 840 3564 aliud
861 3511 893 3563 in
906 3511 1079 3580 possessione
1099 3510 1171 3576 esse,'
1189 3507 1228 3562 ib.
1243 3520 1284 3576 25.
1303 3522 1312 3561 1

166 3593 235 3646 ‘nec
244 3591 316 3646 inter
328 3593 460 3647 colonum
470 3602 498 3647 et
509 3609 621 3647 servum
632 3603 768 3663 nostrum,
778 3608 923 3664 perquem
933 3592 1144 3662 possessionem
1154 3590 1315 3659 retinemus,

166 3675 317 3746 quicquam
343 3675 477 3743 interest,’
496 3676 585 3732 Gaius
611 3675 646 3731 iv.
675 3689 724 3745 153
743 3675 915 3747 ‘quinetiam
939 3674 1065 3747 plerique
1089 3685 1198 3747 putant,
1219 3677 1316 3729 animo

166 3776 278 3829 quoque
291 3759 403 3814 retineri
417 3759 636 3831 possessionem,
646 3760 722 3830 quod
735 3770 896 3814 nostrorum
908 3759 985 3813 verbi
1000 3758 1091 3829 gratia
1103 3759 1274 3813 aestivorum
1287 3771 1315 3813 et

167 3843 347 3897 hibernorum
367 3843 490 3897 saltuum
509 3842 605 3898 animo
624 3844 695 3912 solo,
714 3842 781 3913 quia
799 3841 979 3910 voluerimus,
992 3860 1027 3897 ex
1048 3859 1105 3913 quo
1124 3841 1315 3911 discessimus,

166 3926 276 3995 reverti,
302 3926 423 3981 retinere
449 3926 660 3997 possessionem
687 3925 849 3995 videamur,’
872 3927 948 3980 Paul
963 3935 1033 3981 sent
1047 3942 1103 3980 rec.
1117 3938 1139 3995 5.
1154 3940 1178 3980 2.
1196 3940 1206 3979 1
1222 3925 1315 3994 ‘(pos-

167 4008 334 4076 sessionem)
356 4009 477 4064 retinere
499 4009 576 4063 nudo
598 4008 694 4064 animo
713 4026 873 4079 possumus,
896 4008 968 4064 sicut
993 4007 1022 4062 in
1047 4008 1165 4063 saltibus
1190 4005 1315 4063 hibernis

166 4091 337 4163 aestivisque
356 4091 510 4161 contingit,’
530 4091 596 4160 Dig.
609 4106 651 4158 41.
666 4107 691 4146 2.
704 4106 729 4160 3.
747 4107 756 4146 1
773 4091 943 4161 ‘apiscimur
967 4092 1178 4162 possessionem
1198 4108 1315 4161 corpore

166 4185 193 4230 et
207 4175 311 4244 animo,
324 4192 416 4245 neque
428 4192 479 4245 per
491 4192 522 4229 se
535 4175 639 4242 animo,
651 4186 699 4230 aut
712 4192 763 4245 per
775 4192 806 4229 se
819 4177 952 4245 corpore'
965 4176 1003 4230 ib.
1016 4177 1042 4231 8.

203 4261 259 4312 For
270 4259 319 4313 the
332 4259 482 4314 difference
495 4259 622 4314 between
636 4259 752 4313 colonus
765 4258 822 4312 and
835 4258 987 4329 inquilinus
1000 4276 1048 4314 see
1058 4275 1083 4328 p.
1095 4272 1148 4325 424
1156 4274 1232 4326 supr.
1252 4259 1314 4313 The

165 4343 308 4413 reference
330 4343 373 4397 sor
393 4340 562 4413 acquisition
583 4341 617 4396 ol
637 4340 800 4414 possession
823 4341 944 4413 through
965 4344 1059 4398 others
1082 4341 1106 4397 is
1126 4352 1156 4396 to
1180 4341 1231 4395 Bk.
1248 4340 1276 4395 ii.
1289 4355 1313 4411 9.

166 4441 272 4496 4supr.

202 4507 260 4580 §tt
280 4508 381 4566 Under
401 4511 449 4567 the
474 4508 554 4565 older
572 4509 625 4563 law
647 4510 726 4565 there
747 4525 820 4565 were
841 4520 897 4565 two
919 4509 1065 4566 interdicte
1086 4508 1129 4564 ior
1150 4506 1316 4579 recovcring
