<?xml version="1.0" encoding="UTF-8"?>
<!DOCTYPE html PUBLIC "-//W3C//DTD XHTML 1.0 Transitional//EN"
    "http://www.w3.org/TR/xhtml1/DTD/xhtml1-transitional.dtd">
<html xmlns="http://www.w3.org/1999/xhtml" xml:lang="en" lang="en">
 <head>
  <title>
</title>
<meta http-equiv="Content-Type" content="text/html;charset=utf-8" />
  <meta name='ocr-system' content='tesseract 3.04.00' />
  <meta name='ocr-capabilities' content='ocr_page ocr_carea ocr_par ocr_line ocrx_word'/>
</head>
<body>
  <div class='ocr_page' id='page_1' title='image "./imperatorisiust00goog_0605.png"; bbox 0 0 2986 5048; ppageno 0'>
   <div class='ocr_carea' id='block_1_1' title="bbox 231 290 1389 413">
    <p class='ocr_par' dir='ltr' id='par_1_1' title="bbox 231 290 1389 413">
     <span class='ocr_line' id='line_1_1' title="bbox 231 290 1389 413; baseline -0.003 -18"><span class='ocrx_word' id='word_1_1' title='bbox 231 340 296 413; x_wconf 78' lang='lat'>592</span> <span class='ocrx_word' id='word_1_2' title='bbox 434 334 787 393; x_wconf 78' lang='lat' dir='ltr'>rrvsrrrurrowun</span> <span class='ocrx_word' id='word_1_3' title='bbox 804 333 925 389; x_wconf 76' lang='lat' dir='ltr'>aram</span> <span class='ocrx_word' id='word_1_4' title='bbox 943 290 1179 407; x_wconf 71' lang='lat' dir='ltr'>Qunrruon</span> <span class='ocrx_word' id='word_1_5' title='bbox 1266 333 1389 402; x_wconf 71' lang='lat' dir='ltr'>[enm.</span> 
     </span>
    </p>
   </div>
   <div class='ocr_carea' id='block_1_2' title="bbox 232 496 1391 1721">
    <p class='ocr_par' dir='ltr' id='par_1_2' title="bbox 232 496 1391 1721">
     <span class='ocr_line' id='line_1_2' title="bbox 232 496 1390 582; baseline -0.002 -18"><span class='ocrx_word' id='word_1_6' title='bbox 232 501 266 565; x_wconf 93' lang='lat' dir='ltr'>in</span> <span class='ocrx_word' id='word_1_7' title='bbox 294 501 367 566; x_wconf 93' lang='lat' dir='ltr'>loco</span> <span class='ocrx_word' id='word_1_8' title='bbox 391 521 484 565; x_wconf 87' lang='lat' dir='ltr'>sacro</span> <span class='ocrx_word' id='word_1_9' title='bbox 510 498 685 578; x_wconf 87' lang='lat' dir='ltr'>aedificari,</span> <span class='ocrx_word' id='word_1_10' title='bbox 714 498 767 564; x_wconf 91' lang='lat' dir='ltr'>vel</span> <span class='ocrx_word' id='word_1_11' title='bbox 794 499 827 561; x_wconf 95' lang='lat' dir='ltr'>in</span> <span class='ocrx_word' id='word_1_12' title='bbox 852 497 987 563; x_wconf 89' lang='lat' dir='ltr'>flumine</span> <span class='ocrx_word' id='word_1_13' title='bbox 1012 497 1145 581; x_wconf 91' lang='lat' dir='ltr'>publico</span> <span class='ocrx_word' id='word_1_14' title='bbox 1175 496 1287 582; x_wconf 90' lang='lat' dir='ltr'>ripave</span> <span class='ocrx_word' id='word_1_15' title='bbox 1314 497 1390 563; x_wconf 91' lang='lat' dir='ltr'>eius</span> 
     </span>
     <span class='ocr_line' id='line_1_3' title="bbox 232 602 1391 687; baseline -0.003 -18"><span class='ocrx_word' id='word_1_16' title='bbox 232 605 357 687; x_wconf 91' lang='lat' dir='ltr'>aliquid</span> <span class='ocrx_word' id='word_1_17' title='bbox 384 603 462 679; x_wconf 89' lang='lat' dir='ltr'>fieri,</span> <span class='ocrx_word' id='word_1_18' title='bbox 488 624 554 685; x_wconf 91' lang='lat' dir='ltr'>quo</span> <span class='ocrx_word' id='word_1_19' title='bbox 578 604 672 686; x_wconf 92' lang='lat' dir='ltr'>peius</span> <span class='ocrx_word' id='word_1_20' title='bbox 698 604 878 686; x_wconf 87' lang='lat' dir='ltr'>navigetur.</span> <span class='ocrx_word' id='word_1_21' title='bbox 930 602 1131 666; x_wconf 89' lang='lat' dir='ltr'>restitutoria</span> <span class='ocrx_word' id='word_1_22' title='bbox 1155 611 1240 682; x_wconf 86' lang='lat' dir='ltr'>sunt,</span> <span class='ocrx_word' id='word_1_23' title='bbox 1263 602 1391 686; x_wconf 90' lang='lat' dir='ltr'>quibus</span> 
     </span>
     <span class='ocr_line' id='line_1_4' title="bbox 232 705 1391 789; baseline -0.002 -19"><span class='ocrx_word' id='word_1_24' title='bbox 232 707 359 772; x_wconf 91' lang='lat' dir='ltr'>restitui</span> <span class='ocrx_word' id='word_1_25' title='bbox 386 707 510 789; x_wconf 88' lang='lat' dir='ltr'>aliquid</span> <span class='ocrx_word' id='word_1_26' title='bbox 541 707 640 784; x_wconf 86' lang='lat' dir='ltr'>iubet,</span> <span class='ocrx_word' id='word_1_27' title='bbox 670 706 772 771; x_wconf 91' lang='lat' dir='ltr'>veluti</span> <span class='ocrx_word' id='word_1_28' title='bbox 802 726 876 770; x_wconf 93' lang='lat' dir='ltr'>cum</span> <span class='ocrx_word' id='word_1_29' title='bbox 906 705 1069 769; x_wconf 90' lang='lat' dir='ltr'>bonorum</span> <span class='ocrx_word' id='word_1_30' title='bbox 1099 706 1279 789; x_wconf 85' lang='lat' dir='ltr'>possessori</span> <span class='ocrx_word' id='word_1_31' title='bbox 1308 726 1391 788; x_wconf 89' lang='lat' dir='ltr'>pos·</span> 
     </span>
     <span class='ocr_line' id='line_1_5' title="bbox 233 808 1391 893; baseline 0 -18"><span class='ocrx_word' id='word_1_32' title='bbox 233 810 414 875; x_wconf 84' lang='lat' dir='ltr'>sessionem</span> <span class='ocrx_word' id='word_1_33' title='bbox 439 831 562 887; x_wconf 90' lang='lat' dir='ltr'>eorum,</span> <span class='ocrx_word' id='word_1_34' title='bbox 585 830 672 892; x_wconf 91' lang='lat' dir='ltr'>quae</span> <span class='ocrx_word' id='word_1_35' title='bbox 694 810 768 892; x_wconf 93' lang='lat' dir='ltr'>quis</span> <span class='ocrx_word' id='word_1_36' title='bbox 794 830 855 892; x_wconf 92' lang='lat' dir='ltr'>pro</span> <span class='ocrx_word' id='word_1_37' title='bbox 880 808 1002 874; x_wconf 86' lang='lat' dir='ltr'>herede</span> <span class='ocrx_word' id='word_1_38' title='bbox 1028 819 1085 873; x_wconf 91' lang='lat' dir='ltr'>aut</span> <span class='ocrx_word' id='word_1_39' title='bbox 1110 830 1170 893; x_wconf 92' lang='lat' dir='ltr'>pro</span> <span class='ocrx_word' id='word_1_40' title='bbox 1197 830 1391 892; x_wconf 84' lang='lat' dir='ltr'>possessore</span> 
     </span>
     <span class='ocr_line' id='line_1_6' title="bbox 233 912 1391 998; baseline 0 -21"><span class='ocrx_word' id='word_1_41' title='bbox 233 915 381 998; x_wconf 86' lang='lat' dir='ltr'>possidet</span> <span class='ocrx_word' id='word_1_42' title='bbox 398 934 442 976; x_wconf 88' lang='lat' dir='ltr'>ex</span> <span class='ocrx_word' id='word_1_43' title='bbox 458 934 496 977; x_wconf 91' lang='lat' dir='ltr'>ea</span> <span class='ocrx_word' id='word_1_44' title='bbox 512 912 706 991; x_wconf 90' lang='lat' dir='ltr'>hereditate,</span> <span class='ocrx_word' id='word_1_45' title='bbox 721 922 779 977; x_wconf 90' lang='lat' dir='ltr'>aut</span> <span class='ocrx_word' id='word_1_46' title='bbox 798 934 873 977; x_wconf 94' lang='lat' dir='ltr'>cum</span> <span class='ocrx_word' id='word_1_47' title='bbox 889 914 981 977; x_wconf 93' lang='lat' dir='ltr'>iubet</span> <span class='ocrx_word' id='word_1_48' title='bbox 997 913 1037 992; x_wconf 88' lang='lat' dir='ltr'>ei,</span> <span class='ocrx_word' id='word_1_49' title='bbox 1052 914 1108 996; x_wconf 93' lang='lat' dir='ltr'>qui</span> <span class='ocrx_word' id='word_1_50' title='bbox 1123 913 1155 976; x_wconf 94' lang='lat' dir='ltr'>vi</span> <span class='ocrx_word' id='word_1_51' title='bbox 1177 912 1391 996; x_wconf 86' lang='lat' dir='ltr'>possessione</span> 
     </span>
     <span class='ocr_line' id='line_1_7' title="bbox 233 1016 1389 1100; baseline 0 -20"><span class='ocrx_word' id='word_1_52' title='bbox 233 1017 326 1080; x_wconf 81' lang='lat' dir='ltr'>fundi</span> <span class='ocrx_word' id='word_1_53' title='bbox 353 1017 501 1080; x_wconf 91' lang='lat' dir='ltr'>deiectus</span> <span class='ocrx_word' id='word_1_54' title='bbox 526 1018 580 1091; x_wconf 88' lang='lat' dir='ltr'>sit,</span> <span class='ocrx_word' id='word_1_55' title='bbox 607 1018 735 1081; x_wconf 88' lang='lat' dir='ltr'>restitui</span> <span class='ocrx_word' id='word_1_56' title='bbox 761 1017 1014 1100; x_wconf 89' lang='lat' dir='ltr'>possessionem.</span> <span class='ocrx_word' id='word_1_57' title='bbox 1066 1016 1266 1080; x_wconf 86' lang='lat' dir='ltr'>exhibitoria</span> <span class='ocrx_word' id='word_1_58' title='bbox 1296 1025 1389 1092; x_wconf 88' lang='lat' dir='ltr'>sunt,</span> 
     </span>
     <span class='ocr_line' id='line_1_8' title="bbox 234 1119 1388 1204; baseline 0 -22"><span class='ocrx_word' id='word_1_59' title='bbox 234 1141 293 1204; x_wconf 89' lang='lat' dir='ltr'>per</span> <span class='ocrx_word' id='word_1_60' title='bbox 312 1141 398 1202; x_wconf 91' lang='lat' dir='ltr'>quae</span> <span class='ocrx_word' id='word_1_61' title='bbox 418 1120 508 1184; x_wconf 93' lang='lat' dir='ltr'>iubet</span> <span class='ocrx_word' id='word_1_62' title='bbox 528 1120 688 1198; x_wconf 87' lang='lat' dir='ltr'>exhiberi,</span> <span class='ocrx_word' id='word_1_63' title='bbox 703 1120 804 1185; x_wconf 89' lang='lat' dir='ltr'>veluti</span> <span class='ocrx_word' id='word_1_64' title='bbox 821 1141 905 1194; x_wconf 89' lang='lat' dir='ltr'>eum,</span> <span class='ocrx_word' id='word_1_65' title='bbox 924 1121 1015 1184; x_wconf 91' lang='lat' dir='ltr'>cuius</span> <span class='ocrx_word' id='word_1_66' title='bbox 1035 1121 1077 1184; x_wconf 91' lang='lat' dir='ltr'>de</span> <span class='ocrx_word' id='word_1_67' title='bbox 1098 1119 1250 1184; x_wconf 81' lang='lat' dir='ltr'>libertate</span> <span class='ocrx_word' id='word_1_68' title='bbox 1266 1120 1388 1201; x_wconf 84' lang='lat' dir='ltr'>agitur,</span> 
     </span>
     <span class='ocr_line' id='line_1_9' title="bbox 234 1223 1390 1307; baseline 0.001 -21"><span class='ocrx_word' id='word_1_69' title='bbox 234 1234 292 1288; x_wconf 91' lang='lat' dir='ltr'>aut</span> <span class='ocrx_word' id='word_1_70' title='bbox 315 1223 478 1300; x_wconf 88' lang='lat' dir='ltr'>libertum,</span> <span class='ocrx_word' id='word_1_71' title='bbox 497 1223 548 1286; x_wconf 93' lang='lat' dir='ltr'>cui</span> <span class='ocrx_word' id='word_1_72' title='bbox 572 1232 729 1307; x_wconf 90' lang='lat' dir='ltr'>patronus</span> <span class='ocrx_word' id='word_1_73' title='bbox 752 1244 870 1306; x_wconf 87' lang='lat' dir='ltr'>operas</span> <span class='ocrx_word' id='word_1_74' title='bbox 893 1223 1035 1288; x_wconf 91' lang='lat' dir='ltr'>indicere</span> <span class='ocrx_word' id='word_1_75' title='bbox 1060 1223 1150 1300; x_wconf 86' lang='lat' dir='ltr'>velit,</span> <span class='ocrx_word' id='word_1_76' title='bbox 1173 1235 1230 1289; x_wconf 91' lang='lat' dir='ltr'>aut</span> <span class='ocrx_word' id='word_1_77' title='bbox 1256 1224 1390 1307; x_wconf 89' lang='lat' dir='ltr'>parenti</span> 
     </span>
     <span class='ocr_line' id='line_1_10' title="bbox 234 1326 1391 1410; baseline 0.003 -20"><span class='ocrx_word' id='word_1_78' title='bbox 234 1327 365 1402; x_wconf 91' lang='lat' dir='ltr'>liberos,</span> <span class='ocrx_word' id='word_1_79' title='bbox 384 1326 440 1408; x_wconf 94' lang='lat' dir='ltr'>qui</span> <span class='ocrx_word' id='word_1_80' title='bbox 464 1326 496 1388; x_wconf 93' lang='lat' dir='ltr'>in</span> <span class='ocrx_word' id='word_1_81' title='bbox 519 1338 688 1409; x_wconf 87' lang='lat' dir='ltr'>potestate</span> <span class='ocrx_word' id='word_1_82' title='bbox 711 1328 780 1391; x_wconf 90' lang='lat' dir='ltr'>eius</span> <span class='ocrx_word' id='word_1_83' title='bbox 806 1338 892 1392; x_wconf 92' lang='lat' dir='ltr'>sunt.</span> <span class='ocrx_word' id='word_1_84' title='bbox 946 1336 1022 1391; x_wconf 91' lang='lat' dir='ltr'>sunt</span> <span class='ocrx_word' id='word_1_85' title='bbox 1045 1338 1160 1391; x_wconf 91' lang='lat' dir='ltr'>tamen</span> <span class='ocrx_word' id='word_1_86' title='bbox 1186 1327 1242 1409; x_wconf 95' lang='lat' dir='ltr'>qui</span> <span class='ocrx_word' id='word_1_87' title='bbox 1267 1337 1391 1410; x_wconf 88' lang='lat' dir='ltr'>putant</span> 
     </span>
     <span class='ocr_line' id='line_1_11' title="bbox 234 1430 1391 1514; baseline 0.001 -21"><span class='ocrx_word' id='word_1_88' title='bbox 234 1430 366 1514; x_wconf 89' lang='lat' dir='ltr'>proprie</span> <span class='ocrx_word' id='word_1_89' title='bbox 387 1431 561 1495; x_wconf 87' lang='lat' dir='ltr'>interdicta</span> <span class='ocrx_word' id='word_1_90' title='bbox 585 1452 625 1495; x_wconf 91' lang='lat' dir='ltr'>ea</span> <span class='ocrx_word' id='word_1_91' title='bbox 644 1433 762 1506; x_wconf 86' lang='lat' dir='ltr'>vocari,</span> <span class='ocrx_word' id='word_1_92' title='bbox 786 1452 872 1514; x_wconf 91' lang='lat' dir='ltr'>quae</span> <span class='ocrx_word' id='word_1_93' title='bbox 895 1430 1110 1513; x_wconf 89' lang='lat' dir='ltr'>prohibitoria</span> <span class='ocrx_word' id='word_1_94' title='bbox 1131 1441 1215 1508; x_wconf 91' lang='lat' dir='ltr'>sunt,</span> <span class='ocrx_word' id='word_1_95' title='bbox 1236 1431 1316 1513; x_wconf 90' lang='lat' dir='ltr'>quia</span> <span class='ocrx_word' id='word_1_96' title='bbox 1339 1431 1391 1494; x_wconf 93' lang='lat' dir='ltr'>in·</span> 
     </span>
     <span class='ocr_line' id='line_1_12' title="bbox 235 1523 1390 1617; baseline 0.001 -19"><span class='ocrx_word' id='word_1_97' title='bbox 235 1534 395 1598; x_wconf 90' lang='lat' dir='ltr'>terdicere</span> <span class='ocrx_word' id='word_1_98' title='bbox 418 1546 468 1599; x_wconf 93' lang='lat' dir='ltr'>est</span> <span class='ocrx_word' id='word_1_99' title='bbox 488 1523 688 1599; x_wconf 82' lang='lat' dir='ltr'>&#39;denuntiare</span> <span class='ocrx_word' id='word_1_100' title='bbox 709 1544 743 1599; x_wconf 92' lang='lat' dir='ltr'>et</span> <span class='ocrx_word' id='word_1_101' title='bbox 766 1534 958 1617; x_wconf 91' lang='lat' dir='ltr'>prohibere:</span> <span class='ocrx_word' id='word_1_102' title='bbox 986 1535 1188 1599; x_wconf 88' lang='lat' dir='ltr'>restitutoria</span> <span class='ocrx_word' id='word_1_103' title='bbox 1213 1545 1327 1598; x_wconf 88' lang='lat' dir='ltr'>autem</span> <span class='ocrx_word' id='word_1_104' title='bbox 1354 1543 1390 1599; x_wconf 89' lang='lat' dir='ltr'>et</span> 
     </span>
     <span class='ocr_line' id='line_1_13' title="bbox 235 1637 1390 1721; baseline 0 -19"><span class='ocrx_word' id='word_1_105' title='bbox 235 1637 435 1703; x_wconf 91' lang='lat' dir='ltr'>exhibitoria</span> <span class='ocrx_word' id='word_1_106' title='bbox 451 1637 581 1721; x_wconf 92' lang='lat' dir='ltr'>proprie</span> <span class='ocrx_word' id='word_1_107' title='bbox 595 1637 730 1702; x_wconf 92' lang='lat' dir='ltr'>decreta</span> <span class='ocrx_word' id='word_1_108' title='bbox 744 1639 872 1704; x_wconf 89' lang='lat' dir='ltr'>vocari:</span> <span class='ocrx_word' id='word_1_109' title='bbox 896 1638 954 1702; x_wconf 89' lang='lat' dir='ltr'>sed</span> <span class='ocrx_word' id='word_1_110' title='bbox 974 1647 1087 1702; x_wconf 92' lang='lat' dir='ltr'>tamen</span> <span class='ocrx_word' id='word_1_111' title='bbox 1109 1637 1253 1719; x_wconf 91' lang='lat' dir='ltr'>optinuit</span> <span class='ocrx_word' id='word_1_112' title='bbox 1273 1637 1390 1702; x_wconf 89' lang='lat' dir='ltr'>omnia</span> 
     </span>
    </p>
   </div>
   <div class='ocr_carea' id='block_1_3' title="bbox 235 1875 1396 4531">
    <p class='ocr_par' dir='ltr' id='par_1_3' title="bbox 235 1875 1390 2349">
     <span class='ocr_line' id='line_1_14' title="bbox 235 1875 1390 1947; baseline -0.001 -15"><span class='ocrx_word' id='word_1_113' title='bbox 235 1875 415 1946; x_wconf 84' lang='lat' dir='ltr'>restitutoria,</span> <span class='ocrx_word' id='word_1_114' title='bbox 429 1876 487 1932; x_wconf 85' lang='lat' dir='ltr'>and</span> <span class='ocrx_word' id='word_1_115' title='bbox 499 1875 674 1946; x_wconf 83' lang='lat' dir='ltr'>exhibitoria,</span> <span class='ocrx_word' id='word_1_116' title='bbox 686 1876 772 1946; x_wconf 87' lang='lat' dir='ltr'>being</span> <span class='ocrx_word' id='word_1_117' title='bbox 790 1876 880 1932; x_wconf 87' lang='lat' dir='ltr'>based</span> <span class='ocrx_word' id='word_1_118' title='bbox 898 1894 973 1947; x_wconf 91' lang='lat' dir='ltr'>upon</span> <span class='ocrx_word' id='word_1_119' title='bbox 990 1877 1039 1932; x_wconf 92' lang='lat' dir='ltr'>the</span> <span class='ocrx_word' id='word_1_120' title='bbox 1056 1887 1138 1932; x_wconf 90' lang='lat' dir='ltr'>tenor</span> <span class='ocrx_word' id='word_1_121' title='bbox 1149 1877 1182 1931; x_wconf 80' lang='lat' dir='ltr'>ol</span> <span class='ocrx_word' id='word_1_122' title='bbox 1190 1876 1239 1932; x_wconf 88' lang='lat' dir='ltr'>the</span> <span class='ocrx_word' id='word_1_123' title='bbox 1251 1878 1390 1946; x_wconf 62' lang='lat' dir='ltr'>praetors</span> 
     </span>
     <span class='ocr_line' id='line_1_15' title="bbox 235 1958 1389 2031; baseline 0.001 -17"><span class='ocrx_word' id='word_1_124' title='bbox 235 1959 328 2028; x_wconf 89' lang='lat' dir='ltr'>order,</span> <span class='ocrx_word' id='word_1_125' title='bbox 347 1960 405 2015; x_wconf 88' lang='lat' dir='ltr'>and</span> <span class='ocrx_word' id='word_1_126' title='bbox 428 1959 543 2015; x_wconf 89' lang='lat' dir='ltr'>derived</span> <span class='ocrx_word' id='word_1_127' title='bbox 568 1959 640 2013; x_wconf 83' lang='lat' dir='ltr'>from</span> <span class='ocrx_word' id='word_1_128' title='bbox 663 1959 751 2015; x_wconf 83' lang='lat' dir='ltr'>Gaius</span> <span class='ocrx_word' id='word_1_129' title='bbox 775 1959 821 2028; x_wconf 90' lang='lat' dir='ltr'>(iv.</span> <span class='ocrx_word' id='word_1_130' title='bbox 847 1975 904 2028; x_wconf 83' lang='lat'>140,</span> <span class='ocrx_word' id='word_1_131' title='bbox 928 1958 997 2028; x_wconf 85' lang='lat'>142),</span> <span class='ocrx_word' id='word_1_132' title='bbox 1014 1959 1038 2014; x_wconf 91' lang='lat' dir='ltr'>is</span> <span class='ocrx_word' id='word_1_133' title='bbox 1059 1959 1087 2015; x_wconf 92' lang='lat' dir='ltr'>in</span> <span class='ocrx_word' id='word_1_134' title='bbox 1108 1959 1249 2031; x_wconf 90' lang='lat' dir='ltr'>Justinian</span> <span class='ocrx_word' id='word_1_135' title='bbox 1271 1977 1289 2015; x_wconf 87' lang='lat' dir='ltr'>a</span> <span class='ocrx_word' id='word_1_136' title='bbox 1309 1977 1389 2016; x_wconf 88' lang='lat' dir='ltr'>mere</span> 
     </span>
     <span class='ocr_line' id='line_1_16' title="bbox 235 2042 1390 2114; baseline 0 -16"><span class='ocrx_word' id='word_1_137' title='bbox 235 2043 453 2098; x_wconf 84' lang='lat' dir='ltr'>anachronism:</span> <span class='ocrx_word' id='word_1_138' title='bbox 477 2042 623 2098; x_wconf 87' lang='lat' dir='ltr'>interdicts</span> <span class='ocrx_word' id='word_1_139' title='bbox 641 2042 698 2097; x_wconf 87' lang='lat' dir='ltr'>aim</span> <span class='ocrx_word' id='word_1_140' title='bbox 717 2053 747 2098; x_wconf 91' lang='lat' dir='ltr'>at</span> <span class='ocrx_word' id='word_1_141' title='bbox 765 2043 939 2114; x_wconf 87' lang='lat' dir='ltr'>prevention,</span> <span class='ocrx_word' id='word_1_142' title='bbox 952 2042 1121 2113; x_wconf 88' lang='lat' dir='ltr'>restitution‚</span> <span class='ocrx_word' id='word_1_143' title='bbox 1134 2044 1191 2099; x_wconf 87' lang='lat' dir='ltr'>and</span> <span class='ocrx_word' id='word_1_144' title='bbox 1210 2043 1390 2114; x_wconf 73' lang='lat' dir='ltr'>productiore,</span> 
     </span>
     <span class='ocr_line' id='line_1_17' title="bbox 236 2126 1389 2197; baseline 0.001 -16"><span class='ocrx_word' id='word_1_145' title='bbox 236 2144 275 2181; x_wconf 90' lang='lat' dir='ltr'>no</span> <span class='ocrx_word' id='word_1_146' title='bbox 293 2144 380 2194; x_wconf 86' lang='lat' dir='ltr'>more,</span> <span class='ocrx_word' id='word_1_147' title='bbox 394 2126 452 2181; x_wconf 88' lang='lat' dir='ltr'>and</span> <span class='ocrx_word' id='word_1_148' title='bbox 469 2143 507 2180; x_wconf 92' lang='lat' dir='ltr'>no</span> <span class='ocrx_word' id='word_1_149' title='bbox 526 2127 590 2196; x_wconf 90' lang='lat' dir='ltr'>less,</span> <span class='ocrx_word' id='word_1_150' title='bbox 603 2127 672 2181; x_wconf 90' lang='lat' dir='ltr'>than</span> <span class='ocrx_word' id='word_1_151' title='bbox 688 2127 821 2196; x_wconf 85' lang='lat' dir='ltr'>ordinary</span> <span class='ocrx_word' id='word_1_152' title='bbox 833 2126 951 2182; x_wconf 88' lang='lat' dir='ltr'>actions.</span> <span class='ocrx_word' id='word_1_153' title='bbox 990 2128 1024 2180; x_wconf 94' lang='lat' dir='ltr'>ln</span> <span class='ocrx_word' id='word_1_154' title='bbox 1039 2127 1104 2197; x_wconf 82' lang='lat' dir='ltr'>Dig.</span> <span class='ocrx_word' id='word_1_155' title='bbox 1118 2142 1160 2195; x_wconf 85' lang='lat'>43.</span> <span class='ocrx_word' id='word_1_156' title='bbox 1178 2142 1199 2181; x_wconf 86' lang='lat'>1.</span> <span class='ocrx_word' id='word_1_157' title='bbox 1217 2142 1237 2181; x_wconf 89' lang='lat'>1.</span> <span class='ocrx_word' id='word_1_158' title='bbox 1255 2142 1265 2181; x_wconf 89' lang='lat'>1</span> <span class='ocrx_word' id='word_1_159' title='bbox 1280 2126 1389 2197; x_wconf 88' lang='lat' dir='ltr'>Ulpian</span> 
     </span>
     <span class='ocr_line' id='line_1_18' title="bbox 236 2208 1390 2280; baseline -0.001 -14"><span class='ocrx_word' id='word_1_160' title='bbox 236 2210 309 2266; x_wconf 84' lang='lat' dir='ltr'>adds</span> <span class='ocrx_word' id='word_1_161' title='bbox 322 2227 340 2264; x_wconf 90' lang='lat' dir='ltr'>a</span> <span class='ocrx_word' id='word_1_162' title='bbox 352 2211 445 2264; x_wconf 80' lang='lat' dir='ltr'>fourth</span> <span class='ocrx_word' id='word_1_163' title='bbox 458 2208 751 2279; x_wconf 79' lang='lat' dir='ltr'>species-interdicte</span> <span class='ocrx_word' id='word_1_164' title='bbox 761 2209 851 2264; x_wconf 88' lang='lat' dir='ltr'>which</span> <span class='ocrx_word' id='word_1_165' title='bbox 865 2227 913 2266; x_wconf 90' lang='lat' dir='ltr'>are</span> <span class='ocrx_word' id='word_1_166' title='bbox 926 2209 1074 2266; x_wconf 89' lang='lat' dir='ltr'>mixed—i.</span> <span class='ocrx_word' id='word_1_167' title='bbox 1082 2228 1106 2267; x_wconf 88' lang='lat' dir='ltr'>e.</span> <span class='ocrx_word' id='word_1_168' title='bbox 1120 2211 1189 2265; x_wconf 89' lang='lat' dir='ltr'>both</span> <span class='ocrx_word' id='word_1_169' title='bbox 1202 2209 1390 2280; x_wconf 84' lang='lat' dir='ltr'>prohibitoria</span> 
     </span>
     <span class='ocr_line' id='line_1_19' title="bbox 236 2292 483 2349; baseline -0.004 0"><span class='ocrx_word' id='word_1_170' title='bbox 236 2293 295 2349; x_wconf 88' lang='lat' dir='ltr'>and</span> <span class='ocrx_word' id='word_1_171' title='bbox 307 2292 483 2348; x_wconf 87' lang='lat' dir='ltr'>exhibitoria.</span> 
     </span>
    </p>

    <p class='ocr_par' dir='ltr' id='par_1_4' title="bbox 237 2375 1390 3032">
     <span class='ocr_line' id='line_1_20' title="bbox 274 2375 1389 2448; baseline 0.002 -18"><span class='ocrx_word' id='word_1_172' title='bbox 274 2378 336 2431; x_wconf 88' lang='lat' dir='ltr'>The</span> <span class='ocrx_word' id='word_1_173' title='bbox 349 2375 480 2431; x_wconf 90' lang='lat' dir='ltr'>interdict</span> <span class='ocrx_word' id='word_1_174' title='bbox 492 2375 655 2447; x_wconf 82' lang='lat' dir='ltr'>forbidding</span> <span class='ocrx_word' id='word_1_175' title='bbox 667 2376 771 2433; x_wconf 87' lang='lat' dir='ltr'>violent</span> <span class='ocrx_word' id='word_1_176' title='bbox 785 2388 880 2433; x_wconf 89' lang='lat' dir='ltr'>ouster</span> <span class='ocrx_word' id='word_1_177' title='bbox 892 2377 925 2432; x_wconf 87' lang='lat' dir='ltr'>ol</span> <span class='ocrx_word' id='word_1_178' title='bbox 933 2395 969 2433; x_wconf 85' lang='lat' dir='ltr'>an</span> <span class='ocrx_word' id='word_1_179' title='bbox 983 2377 1117 2433; x_wconf 89' lang='lat' dir='ltr'>innocent</span> <span class='ocrx_word' id='word_1_180' title='bbox 1130 2395 1278 2448; x_wconf 86' lang='lat' dir='ltr'>possessor</span> <span class='ocrx_word' id='word_1_181' title='bbox 1291 2377 1314 2432; x_wconf 92' lang='lat' dir='ltr'>is</span> <span class='ocrx_word' id='word_1_182' title='bbox 1327 2378 1389 2434; x_wconf 88' lang='lat' dir='ltr'>that</span> 
     </span>
     <span class='ocr_line' id='line_1_21' title="bbox 237 2458 1389 2530; baseline -0.001 -15"><span class='ocrx_word' id='word_1_183' title='bbox 237 2460 340 2515; x_wconf 85' lang='lat' dir='ltr'>known</span> <span class='ocrx_word' id='word_1_184' title='bbox 353 2477 385 2514; x_wconf 93' lang='lat' dir='ltr'>as</span> <span class='ocrx_word' id='word_1_185' title='bbox 399 2458 437 2514; x_wconf 91' lang='lat' dir='ltr'>uti</span> <span class='ocrx_word' id='word_1_186' title='bbox 451 2459 611 2530; x_wconf 89' lang='lat' dir='ltr'>possidetis,</span> <span class='ocrx_word' id='word_1_187' title='bbox 625 2462 640 2528; x_wconf 78' lang='lat'>§</span> <span class='ocrx_word' id='word_1_188' title='bbox 654 2476 671 2529; x_wconf 86' lang='lat'>4</span> <span class='ocrx_word' id='word_1_189' title='bbox 684 2460 733 2516; x_wconf 80' lang='lat' dir='ltr'>inl.</span> <span class='ocrx_word' id='word_1_190' title='bbox 769 2463 845 2517; x_wconf 85' lang='lat' dir='ltr'>That</span> <span class='ocrx_word' id='word_1_191' title='bbox 857 2463 893 2516; x_wconf 93' lang='lat' dir='ltr'>de</span> <span class='ocrx_word' id='word_1_192' title='bbox 907 2472 1018 2517; x_wconf 88' lang='lat' dir='ltr'>mortuo</span> <span class='ocrx_word' id='word_1_193' title='bbox 1032 2462 1180 2517; x_wconf 85' lang='lat' dir='ltr'>inferendo</span> <span class='ocrx_word' id='word_1_194' title='bbox 1198 2461 1222 2516; x_wconf 91' lang='lat' dir='ltr'>is</span> <span class='ocrx_word' id='word_1_195' title='bbox 1235 2461 1346 2516; x_wconf 85' lang='lat' dir='ltr'>treated</span> <span class='ocrx_word' id='word_1_196' title='bbox 1359 2461 1389 2514; x_wconf 89' lang='lat' dir='ltr'>in</span> 
     </span>
     <span class='ocr_line' id='line_1_22' title="bbox 237 2543 1389 2616; baseline -0.001 -16"><span class='ocrx_word' id='word_1_197' title='bbox 237 2543 324 2600; x_wconf 87' lang='lat' dir='ltr'>detail</span> <span class='ocrx_word' id='word_1_198' title='bbox 343 2543 372 2598; x_wconf 94' lang='lat' dir='ltr'>in</span> <span class='ocrx_word' id='word_1_199' title='bbox 393 2543 459 2613; x_wconf 85' lang='lat' dir='ltr'>Dig.</span> <span class='ocrx_word' id='word_1_200' title='bbox 482 2559 522 2598; x_wconf 87' lang='lat'>11.</span> <span class='ocrx_word' id='word_1_201' title='bbox 541 2544 576 2611; x_wconf 80' lang='lat'>83</span> <span class='ocrx_word' id='word_1_202' title='bbox 601 2543 637 2599; x_wconf 91' lang='lat' dir='ltr'>its</span> <span class='ocrx_word' id='word_1_203' title='bbox 656 2544 776 2599; x_wconf 82' lang='lat' dir='ltr'>formula</span> <span class='ocrx_word' id='word_1_204' title='bbox 794 2562 845 2599; x_wconf 86' lang='lat' dir='ltr'>ran</span> <span class='ocrx_word' id='word_1_205' title='bbox 865 2545 937 2616; x_wconf 91' lang='lat' dir='ltr'>‘quo</span> <span class='ocrx_word' id='word_1_206' title='bbox 956 2562 1046 2616; x_wconf 87' lang='lat' dir='ltr'>quave</span> <span class='ocrx_word' id='word_1_207' title='bbox 1066 2544 1104 2599; x_wconf 94' lang='lat' dir='ltr'>illi</span> <span class='ocrx_word' id='word_1_208' title='bbox 1123 2555 1265 2600; x_wconf 91' lang='lat' dir='ltr'>mortuum</span> <span class='ocrx_word' id='word_1_209' title='bbox 1285 2543 1389 2599; x_wconf 82' lang='lat' dir='ltr'>inferre</span> 
     </span>
     <span class='ocr_line' id='line_1_23' title="bbox 238 2626 1389 2699; baseline -0.001 -17"><span class='ocrx_word' id='word_1_210' title='bbox 238 2626 327 2682; x_wconf 89' lang='lat' dir='ltr'>invito</span> <span class='ocrx_word' id='word_1_211' title='bbox 344 2638 373 2682; x_wconf 94' lang='lat' dir='ltr'>te</span> <span class='ocrx_word' id='word_1_212' title='bbox 392 2627 435 2682; x_wconf 91' lang='lat' dir='ltr'>ius</span> <span class='ocrx_word' id='word_1_213' title='bbox 453 2638 505 2696; x_wconf 85' lang='lat' dir='ltr'>est,</span> <span class='ocrx_word' id='word_1_214' title='bbox 519 2627 670 2699; x_wconf 90' lang='lat' dir='ltr'>quominus</span> <span class='ocrx_word' id='word_1_215' title='bbox 689 2627 728 2682; x_wconf 91' lang='lat' dir='ltr'>illi</span> <span class='ocrx_word' id='word_1_216' title='bbox 746 2646 781 2683; x_wconf 91' lang='lat' dir='ltr'>eo</span> <span class='ocrx_word' id='word_1_217' title='bbox 799 2646 869 2683; x_wconf 90' lang='lat' dir='ltr'>eave</span> <span class='ocrx_word' id='word_1_218' title='bbox 888 2640 1030 2683; x_wconf 90' lang='lat' dir='ltr'>mortuum</span> <span class='ocrx_word' id='word_1_219' title='bbox 1049 2628 1151 2684; x_wconf 84' lang='lat' dir='ltr'>inferre</span> <span class='ocrx_word' id='word_1_220' title='bbox 1168 2640 1197 2684; x_wconf 88' lang='lat' dir='ltr'>et</span> <span class='ocrx_word' id='word_1_221' title='bbox 1210 2628 1249 2682; x_wconf 92' lang='lat' dir='ltr'>ibi</span> <span class='ocrx_word' id='word_1_222' title='bbox 1267 2627 1389 2698; x_wconf 90' lang='lat' dir='ltr'>sepelire</span> 
     </span>
     <span class='ocr_line' id='line_1_24' title="bbox 238 2711 1390 2782; baseline -0.001 -16"><span class='ocrx_word' id='word_1_223' title='bbox 238 2711 322 2766; x_wconf 86' lang='lat' dir='ltr'>liceat</span> <span class='ocrx_word' id='word_1_224' title='bbox 335 2711 393 2765; x_wconf 89' lang='lat' dir='ltr'>vim</span> <span class='ocrx_word' id='word_1_225' title='bbox 411 2711 470 2766; x_wconf 90' lang='lat' dir='ltr'>fieri</span> <span class='ocrx_word' id='word_1_226' title='bbox 486 2722 550 2766; x_wconf 89' lang='lat' dir='ltr'>veto</span> <span class='ocrx_word' id='word_1_227' title='bbox 563 2713 584 2777; x_wconf 87' lang='lat'>;’</span> <span class='ocrx_word' id='word_1_228' title='bbox 602 2712 664 2766; x_wconf 91' lang='lat' dir='ltr'>that</span> <span class='ocrx_word' id='word_1_229' title='bbox 677 2712 709 2766; x_wconf 82' lang='lat' dir='ltr'>ol</span> <span class='ocrx_word' id='word_1_230' title='bbox 724 2712 773 2767; x_wconf 92' lang='lat' dir='ltr'>the</span> <span class='ocrx_word' id='word_1_231' title='bbox 792 2712 868 2767; x_wconf 91' lang='lat' dir='ltr'>third</span> <span class='ocrx_word' id='word_1_232' title='bbox 886 2712 1062 2782; x_wconf 85' lang='lat' dir='ltr'>prohibitory</span> <span class='ocrx_word' id='word_1_233' title='bbox 1075 2711 1206 2767; x_wconf 90' lang='lat' dir='ltr'>interdict</span> <span class='ocrx_word' id='word_1_234' title='bbox 1224 2711 1390 2766; x_wconf 91' lang='lat' dir='ltr'>mentioued</span> 
     </span>
     <span class='ocr_line' id='line_1_25' title="bbox 238 2794 1389 2867; baseline -0.001 -18"><span class='ocrx_word' id='word_1_235' title='bbox 238 2795 267 2849; x_wconf 90' lang='lat' dir='ltr'>in</span> <span class='ocrx_word' id='word_1_236' title='bbox 280 2796 328 2849; x_wconf 93' lang='lat' dir='ltr'>the</span> <span class='ocrx_word' id='word_1_237' title='bbox 342 2805 399 2850; x_wconf 87' lang='lat' dir='ltr'>text</span> <span class='ocrx_word' id='word_1_238' title='bbox 413 2795 458 2848; x_wconf 90' lang='lat' dir='ltr'>‘in</span> <span class='ocrx_word' id='word_1_239' title='bbox 471 2796 534 2849; x_wconf 91' lang='lat' dir='ltr'>loco</span> <span class='ocrx_word' id='word_1_240' title='bbox 547 2812 629 2849; x_wconf 89' lang='lat' dir='ltr'>sacro</span> <span class='ocrx_word' id='word_1_241' title='bbox 641 2795 734 2850; x_wconf 85' lang='lat' dir='ltr'>facere</span> <span class='ocrx_word' id='word_1_242' title='bbox 749 2795 814 2850; x_wconf 90' lang='lat' dir='ltr'>inve</span> <span class='ocrx_word' id='word_1_243' title='bbox 832 2814 896 2851; x_wconf 91' lang='lat' dir='ltr'>eum</span> <span class='ocrx_word' id='word_1_244' title='bbox 915 2796 1067 2851; x_wconf 89' lang='lat' dir='ltr'>immittere</span> <span class='ocrx_word' id='word_1_245' title='bbox 1085 2795 1153 2867; x_wconf 92' lang='lat' dir='ltr'>quid</span> <span class='ocrx_word' id='word_1_246' title='bbox 1166 2796 1246 2851; x_wconf 91' lang='lat' dir='ltr'>veto’</span> <span class='ocrx_word' id='word_1_247' title='bbox 1266 2794 1331 2864; x_wconf 85' lang='lat' dir='ltr'>Dig.</span> <span class='ocrx_word' id='word_1_248' title='bbox 1345 2809 1389 2863; x_wconf 80' lang='grc'>43</span> 
     </span>
     <span class='ocr_line' id='line_1_26' title="bbox 237 2877 1390 2950; baseline 0 -17"><span class='ocrx_word' id='word_1_249' title='bbox 237 2880 274 2946; x_wconf 86' lang='grc'>6;</span> <span class='ocrx_word' id='word_1_250' title='bbox 292 2879 353 2934; x_wconf 91' lang='lat' dir='ltr'>that</span> <span class='ocrx_word' id='word_1_251' title='bbox 367 2879 399 2932; x_wconf 89' lang='lat' dir='ltr'>os</span> <span class='ocrx_word' id='word_1_252' title='bbox 413 2880 461 2934; x_wconf 89' lang='lat' dir='ltr'>the</span> <span class='ocrx_word' id='word_1_253' title='bbox 480 2879 572 2934; x_wconf 78' lang='lat' dir='ltr'>fourth</span> <span class='ocrx_word' id='word_1_254' title='bbox 593 2879 646 2933; x_wconf 89' lang='lat' dir='ltr'>‘ne</span> <span class='ocrx_word' id='word_1_255' title='bbox 665 2878 733 2949; x_wconf 92' lang='lat' dir='ltr'>quid</span> <span class='ocrx_word' id='word_1_256' title='bbox 752 2878 780 2933; x_wconf 92' lang='lat' dir='ltr'>in</span> <span class='ocrx_word' id='word_1_257' title='bbox 800 2879 915 2934; x_wconf 85' lang='lat' dir='ltr'>flumine</span> <span class='ocrx_word' id='word_1_258' title='bbox 933 2879 1047 2949; x_wconf 90' lang='lat' dir='ltr'>publico</span> <span class='ocrx_word' id='word_1_259' title='bbox 1060 2879 1156 2950; x_wconf 88' lang='lat' dir='ltr'>ripave</span> <span class='ocrx_word' id='word_1_260' title='bbox 1169 2879 1229 2934; x_wconf 89' lang='lat' dir='ltr'>eius</span> <span class='ocrx_word' id='word_1_261' title='bbox 1243 2877 1390 2948; x_wconf 88' lang='lat' dir='ltr'>immittas,</span> 
     </span>
     <span class='ocr_line' id='line_1_27' title="bbox 238 2960 1074 3032; baseline 0 -17"><span class='ocrx_word' id='word_1_262' title='bbox 238 2978 295 3032; x_wconf 94' lang='lat' dir='ltr'>quo</span> <span class='ocrx_word' id='word_1_263' title='bbox 308 2960 393 3015; x_wconf 88' lang='lat' dir='ltr'>statio</span> <span class='ocrx_word' id='word_1_264' title='bbox 406 2961 493 3016; x_wconf 90' lang='lat' dir='ltr'>iterve</span> <span class='ocrx_word' id='word_1_265' title='bbox 505 2961 620 3030; x_wconf 86' lang='lat' dir='ltr'>navigio</span> <span class='ocrx_word' id='word_1_266' title='bbox 634 2961 756 3016; x_wconf 89' lang='lat' dir='ltr'>deterior</span> <span class='ocrx_word' id='word_1_267' title='bbox 769 2961 804 3016; x_wconf 89' lang='lat' dir='ltr'>sit</span> <span class='ocrx_word' id='word_1_268' title='bbox 819 2963 882 3016; x_wconf 87' lang='lat' dir='ltr'>fiat&#39;</span> <span class='ocrx_word' id='word_1_269' title='bbox 896 2962 961 3031; x_wconf 89' lang='lat' dir='ltr'>Dig.</span> <span class='ocrx_word' id='word_1_270' title='bbox 976 2977 1018 3030; x_wconf 85' lang='lat'>43.</span> <span class='ocrx_word' id='word_1_271' title='bbox 1036 2977 1074 3015; x_wconf 90' lang='lat'>12.</span> 
     </span>
    </p>

    <p class='ocr_par' dir='ltr' id='par_1_5' title="bbox 238 3042 1392 3445">
     <span class='ocr_line' id='line_1_28' title="bbox 275 3042 1390 3114; baseline 0.002 -17"><span class='ocrx_word' id='word_1_272' title='bbox 275 3042 490 3098; x_wconf 89' lang='lat' dir='ltr'>Restitutorium</span> <span class='ocrx_word' id='word_1_273' title='bbox 509 3061 541 3098; x_wconf 89' lang='lat' dir='ltr'>as</span> <span class='ocrx_word' id='word_1_274' title='bbox 558 3043 671 3114; x_wconf 89' lang='lat' dir='ltr'>applied</span> <span class='ocrx_word' id='word_1_275' title='bbox 689 3054 719 3097; x_wconf 93' lang='lat' dir='ltr'>to</span> <span class='ocrx_word' id='word_1_276' title='bbox 736 3043 882 3098; x_wconf 87' lang='lat' dir='ltr'>interdicts</span> <span class='ocrx_word' id='word_1_277' title='bbox 901 3045 953 3098; x_wconf 91' lang='lat' dir='ltr'>has</span> <span class='ocrx_word' id='word_1_278' title='bbox 971 3046 1020 3099; x_wconf 90' lang='lat' dir='ltr'>the</span> <span class='ocrx_word' id='word_1_279' title='bbox 1033 3061 1112 3099; x_wconf 91' lang='lat' dir='ltr'>same</span> <span class='ocrx_word' id='word_1_280' title='bbox 1126 3042 1198 3099; x_wconf 88' lang='lat' dir='ltr'>wide</span> <span class='ocrx_word' id='word_1_281' title='bbox 1210 3044 1346 3114; x_wconf 85' lang='lat' dir='ltr'>meaning</span> <span class='ocrx_word' id='word_1_282' title='bbox 1358 3061 1390 3100; x_wconf 88' lang='lat' dir='ltr'>as</span> 
     </span>
     <span class='ocr_line' id='line_1_29' title="bbox 238 3126 1392 3198; baseline 0 -16"><span class='ocrx_word' id='word_1_283' title='bbox 238 3126 385 3182; x_wconf 89' lang='lat' dir='ltr'>restituere</span> <span class='ocrx_word' id='word_1_284' title='bbox 398 3126 426 3179; x_wconf 92' lang='lat' dir='ltr'>in</span> <span class='ocrx_word' id='word_1_285' title='bbox 440 3127 554 3194; x_wconf 88' lang='lat' dir='ltr'>general</span> <span class='ocrx_word' id='word_1_286' title='bbox 569 3147 576 3193; x_wconf 87' lang='lat'>;</span> <span class='ocrx_word' id='word_1_287' title='bbox 595 3126 615 3181; x_wconf 87' lang='lat' dir='ltr'>it</span> <span class='ocrx_word' id='word_1_288' title='bbox 629 3126 757 3194; x_wconf 91' lang='lat' dir='ltr'>denotes,</span> <span class='ocrx_word' id='word_1_289' title='bbox 771 3127 884 3181; x_wconf 91' lang='lat' dir='ltr'>besides</span> <span class='ocrx_word' id='word_1_290' title='bbox 897 3128 946 3182; x_wconf 89' lang='lat' dir='ltr'>the</span> <span class='ocrx_word' id='word_1_291' title='bbox 959 3127 1118 3182; x_wconf 89' lang='lat' dir='ltr'>restitution</span> <span class='ocrx_word' id='word_1_292' title='bbox 1131 3127 1165 3181; x_wconf 86' lang='lat' dir='ltr'>of</span> <span class='ocrx_word' id='word_1_293' title='bbox 1172 3127 1345 3198; x_wconf 89' lang='lat' dir='ltr'>possession,</span> <span class='ocrx_word' id='word_1_294' title='bbox 1358 3145 1392 3183; x_wconf 89' lang='lat' dir='ltr'>as</span> 
     </span>
     <span class='ocr_line' id='line_1_30' title="bbox 239 3209 1391 3282; baseline 0.003 -18"><span class='ocrx_word' id='word_1_295' title='bbox 239 3211 268 3264; x_wconf 93' lang='lat' dir='ltr'>in</span> <span class='ocrx_word' id='word_1_296' title='bbox 282 3210 356 3264; x_wconf 93' lang='lat' dir='ltr'>unde</span> <span class='ocrx_word' id='word_1_297' title='bbox 366 3209 403 3277; x_wconf 87' lang='lat' dir='ltr'>vi,</span> <span class='ocrx_word' id='word_1_298' title='bbox 414 3211 427 3277; x_wconf 64' lang='lat' dir='ltr'>t</span> <span class='ocrx_word' id='word_1_299' title='bbox 437 3210 455 3263; x_wconf 89' lang='lat'><strong>6</strong></span> <span class='ocrx_word' id='word_1_300' title='bbox 467 3209 525 3279; x_wconf 73' lang='lat' dir='ltr'>int,</span> <span class='ocrx_word' id='word_1_301' title='bbox 536 3209 575 3279; x_wconf 92' lang='lat'>(1)</span> <span class='ocrx_word' id='word_1_302' title='bbox 586 3210 711 3279; x_wconf 85' lang='lat' dir='ltr'>delivery</span> <span class='ocrx_word' id='word_1_303' title='bbox 719 3210 752 3264; x_wconf 84' lang='lat' dir='ltr'>of</span> <span class='ocrx_word' id='word_1_304' title='bbox 760 3211 924 3279; x_wconf 90' lang='lat' dir='ltr'>possession</span> <span class='ocrx_word' id='word_1_305' title='bbox 933 3211 1026 3266; x_wconf 86' lang='lat' dir='ltr'>where</span> <span class='ocrx_word' id='word_1_306' title='bbox 1039 3228 1114 3265; x_wconf 91' lang='lat' dir='ltr'>none</span> <span class='ocrx_word' id='word_1_307' title='bbox 1126 3211 1179 3264; x_wconf 88' lang='lat' dir='ltr'>has</span> <span class='ocrx_word' id='word_1_308' title='bbox 1192 3211 1333 3281; x_wconf 89' lang='lat' dir='ltr'>preceded</span> <span class='ocrx_word' id='word_1_309' title='bbox 1346 3213 1391 3282; x_wconf 88' lang='lat' dir='ltr'>(as</span> 
     </span>
     <span class='ocr_line' id='line_1_31' title="bbox 239 3292 1389 3363; baseline 0.001 -15"><span class='ocrx_word' id='word_1_310' title='bbox 239 3293 267 3348; x_wconf 92' lang='lat' dir='ltr'>in</span> <span class='ocrx_word' id='word_1_311' title='bbox 279 3310 397 3363; x_wconf 90' lang='lat' dir='ltr'>quorum</span> <span class='ocrx_word' id='word_1_312' title='bbox 406 3293 554 3362; x_wconf 86' lang='lat' dir='ltr'>bonorum,</span> <span class='ocrx_word' id='word_1_313' title='bbox 564 3294 579 3360; x_wconf 65' lang='lat' dir='ltr'>l</span> <span class='ocrx_word' id='word_1_314' title='bbox 590 3292 674 3362; x_wconf 84' lang='lat' dir='ltr'>3inf.)</span> <span class='ocrx_word' id='word_1_315' title='bbox 689 3312 696 3362; x_wconf 89' lang='lat'><strong>;</strong></span> <span class='ocrx_word' id='word_1_316' title='bbox 716 3294 754 3363; x_wconf 87' lang='lat'>(2)</span> <span class='ocrx_word' id='word_1_317' title='bbox 769 3295 817 3349; x_wconf 90' lang='lat' dir='ltr'>the</span> <span class='ocrx_word' id='word_1_318' title='bbox 830 3294 954 3348; x_wconf 87' lang='lat' dir='ltr'>removal</span> <span class='ocrx_word' id='word_1_319' title='bbox 965 3295 997 3348; x_wconf 82' lang='lat' dir='ltr'>of</span> <span class='ocrx_word' id='word_1_320' title='bbox 1006 3311 1024 3349; x_wconf 91' lang='lat' dir='ltr'>a</span> <span class='ocrx_word' id='word_1_321' title='bbox 1033 3294 1170 3349; x_wconf 89' lang='lat' dir='ltr'>nuisance</span> <span class='ocrx_word' id='word_1_322' title='bbox 1179 3311 1212 3348; x_wconf 91' lang='lat' dir='ltr'>or</span> <span class='ocrx_word' id='word_1_323' title='bbox 1221 3293 1389 3349; x_wconf 91' lang='lat' dir='ltr'>demolition</span> 
     </span>
     <span class='ocr_line' id='line_1_32' title="bbox 239 3376 1012 3445; baseline 0.001 -14"><span class='ocrx_word' id='word_1_324' title='bbox 239 3376 272 3431; x_wconf 80' lang='lat' dir='ltr'>oi</span> <span class='ocrx_word' id='word_1_325' title='bbox 280 3394 316 3430; x_wconf 91' lang='lat' dir='ltr'>an</span> <span class='ocrx_word' id='word_1_326' title='bbox 330 3376 461 3429; x_wconf 88' lang='lat' dir='ltr'>unlawful</span> <span class='ocrx_word' id='word_1_327' title='bbox 475 3385 621 3444; x_wconf 87' lang='lat' dir='ltr'>structure,</span> <span class='ocrx_word' id='word_1_328' title='bbox 637 3376 701 3444; x_wconf 88' lang='lat' dir='ltr'>Dig.</span> <span class='ocrx_word' id='word_1_329' title='bbox 716 3391 760 3444; x_wconf 84' lang='lat'>43.</span> <span class='ocrx_word' id='word_1_330' title='bbox 773 3377 796 3431; x_wconf 86' lang='lat'>8.</span> <span class='ocrx_word' id='word_1_331' title='bbox 812 3391 836 3431; x_wconf 85' lang='lat'>2.</span> <span class='ocrx_word' id='word_1_332' title='bbox 851 3389 883 3445; x_wconf 81' lang='lat'>35</span> <span class='ocrx_word' id='word_1_333' title='bbox 898 3377 955 3431; x_wconf 91' lang='lat' dir='ltr'>and</span> <span class='ocrx_word' id='word_1_334' title='bbox 968 3391 1012 3444; x_wconf 87' lang='grc'>43.</span> 
     </span>
    </p>

    <p class='ocr_par' dir='ltr' id='par_1_6' title="bbox 238 3458 1395 4442">
     <span class='ocr_line' id='line_1_33' title="bbox 276 3458 1390 3530; baseline 0.002 -18"><span class='ocrx_word' id='word_1_335' title='bbox 276 3461 332 3513; x_wconf 88' lang='lat' dir='ltr'>For</span> <span class='ocrx_word' id='word_1_336' title='bbox 350 3460 398 3513; x_wconf 93' lang='lat' dir='ltr'>the</span> <span class='ocrx_word' id='word_1_337' title='bbox 417 3458 551 3528; x_wconf 84' lang='lat' dir='ltr'>meaning</span> <span class='ocrx_word' id='word_1_338' title='bbox 563 3459 595 3512; x_wconf 82' lang='lat' dir='ltr'>of</span> <span class='ocrx_word' id='word_1_339' title='bbox 610 3459 808 3513; x_wconf 89' lang='lat' dir='ltr'>exhibitorium</span> <span class='ocrx_word' id='word_1_340' title='bbox 826 3460 883 3514; x_wconf 92' lang='lat' dir='ltr'>and</span> <span class='ocrx_word' id='word_1_341' title='bbox 901 3460 1033 3515; x_wconf 81' lang='lat' dir='ltr'>exhibere</span> <span class='ocrx_word' id='word_1_342' title='bbox 1046 3477 1094 3515; x_wconf 88' lang='lat' dir='ltr'>see</span> <span class='ocrx_word' id='word_1_343' title='bbox 1107 3477 1145 3514; x_wconf 91' lang='lat' dir='ltr'>on</span> <span class='ocrx_word' id='word_1_344' title='bbox 1158 3459 1214 3516; x_wconf 89' lang='lat' dir='ltr'>Tit.</span> <span class='ocrx_word' id='word_1_345' title='bbox 1227 3460 1251 3514; x_wconf 92' lang='lat'>6.</span> <span class='ocrx_word' id='word_1_346' title='bbox 1267 3474 1297 3527; x_wconf 87' lang='lat'>31</span> <span class='ocrx_word' id='word_1_347' title='bbox 1314 3477 1390 3530; x_wconf 92' lang='lat' dir='ltr'>supr.</span> 
     </span>
     <span class='ocr_line' id='line_1_34' title="bbox 238 3540 1391 3614; baseline 0.002 -18"><span class='ocrx_word' id='word_1_348' title='bbox 238 3541 414 3611; x_wconf 90' lang='lat' dir='ltr'>Theophilus</span> <span class='ocrx_word' id='word_1_349' title='bbox 427 3540 577 3596; x_wconf 88' lang='lat' dir='ltr'>illustrates</span> <span class='ocrx_word' id='word_1_350' title='bbox 590 3544 639 3596; x_wconf 89' lang='lat' dir='ltr'>the</span> <span class='ocrx_word' id='word_1_351' title='bbox 655 3541 786 3596; x_wconf 90' lang='lat' dir='ltr'>interdict</span> <span class='ocrx_word' id='word_1_352' title='bbox 804 3542 842 3611; x_wconf 92' lang='lat' dir='ltr'>by</span> <span class='ocrx_word' id='word_1_353' title='bbox 855 3543 946 3597; x_wconf 94' lang='lat' dir='ltr'>which</span> <span class='ocrx_word' id='word_1_354' title='bbox 964 3545 1013 3598; x_wconf 90' lang='lat' dir='ltr'>the</span> <span class='ocrx_word' id='word_1_355' title='bbox 1031 3553 1144 3614; x_wconf 88' lang='lat' dir='ltr'>praetor</span> <span class='ocrx_word' id='word_1_356' title='bbox 1156 3544 1251 3599; x_wconf 89' lang='lat' dir='ltr'>‘iubet</span> <span class='ocrx_word' id='word_1_357' title='bbox 1264 3543 1391 3599; x_wconf 86' lang='lat' dir='ltr'>exhiberi</span> 
     </span>
     <span class='ocr_line' id='line_1_35' title="bbox 238 3624 1391 3698; baseline -0.002 -17"><span class='ocrx_word' id='word_1_358' title='bbox 238 3643 304 3682; x_wconf 91' lang='lat' dir='ltr'>eum</span> <span class='ocrx_word' id='word_1_359' title='bbox 323 3624 402 3679; x_wconf 91' lang='lat' dir='ltr'>cuius</span> <span class='ocrx_word' id='word_1_360' title='bbox 420 3625 456 3679; x_wconf 92' lang='lat' dir='ltr'>de</span> <span class='ocrx_word' id='word_1_361' title='bbox 473 3625 602 3680; x_wconf 88' lang='lat' dir='ltr'>libertate</span> <span class='ocrx_word' id='word_1_362' title='bbox 621 3625 730 3695; x_wconf 87' lang='lat' dir='ltr'>agitur&#39;</span> <span class='ocrx_word' id='word_1_363' title='bbox 749 3626 787 3695; x_wconf 87' lang='lat' dir='ltr'>by</span> <span class='ocrx_word' id='word_1_364' title='bbox 805 3625 907 3695; x_wconf 84' lang='lat' dir='ltr'>saying</span> <span class='ocrx_word' id='word_1_365' title='bbox 926 3625 1097 3696; x_wconf 74' lang='grc' dir='ltr'>ἀποκρύπτεις</span> <span class='ocrx_word' id='word_1_366' title='bbox 1115 3629 1161 3681; x_wconf 78' lang='grc' dir='ltr'>τὸν</span> <span class='ocrx_word' id='word_1_367' title='bbox 1181 3627 1244 3695; x_wconf 77' lang='grc' dir='ltr'>ἐμὸν</span> <span class='ocrx_word' id='word_1_368' title='bbox 1264 3626 1391 3698; x_wconf 76' lang='grc' dir='ltr'>ἀδελφόν,</span> 
     </span>
     <span class='ocr_line' id='line_1_36' title="bbox 238 3703 1391 3779; baseline 0.003 -18"><span class='ocrx_word' id='word_1_369' title='bbox 238 3707 323 3779; x_wconf 72' lang='grc' dir='ltr'>λέγων</span> <span class='ocrx_word' id='word_1_370' title='bbox 342 3709 420 3761; x_wconf 72' lang='grc' dir='ltr'>αὐτὸν</span> <span class='ocrx_word' id='word_1_371' title='bbox 437 3703 501 3761; x_wconf 70' lang='grc' dir='ltr'>εἶναι</span> <span class='ocrx_word' id='word_1_372' title='bbox 519 3708 614 3762; x_wconf 81' lang='grc' dir='ltr'>δοῦλον</span> <span class='ocrx_word' id='word_1_373' title='bbox 635 3712 693 3777; x_wconf 84' lang='grc' dir='ltr'><strong><em>σόν,</em></strong></span> <span class='ocrx_word' id='word_1_374' title='bbox 713 3709 777 3776; x_wconf 73' lang='grc' dir='ltr'>ἐμοῦ</span> <span class='ocrx_word' id='word_1_375' title='bbox 798 3710 959 3779; x_wconf 79' lang='grc' dir='ltr'>βουλομένου</span> <span class='ocrx_word' id='word_1_376' title='bbox 979 3711 1037 3779; x_wconf 71' lang='grc' dir='ltr'>περὶ</span> <span class='ocrx_word' id='word_1_377' title='bbox 1061 3713 1106 3778; x_wconf 80' lang='grc' dir='ltr'>τῆς</span> <span class='ocrx_word' id='word_1_378' title='bbox 1130 3711 1208 3764; x_wconf 68' lang='grc' dir='ltr'>αὐτοῦ</span> <span class='ocrx_word' id='word_1_379' title='bbox 1232 3710 1391 3765; x_wconf 75' lang='grc' dir='ltr'>δικάσασθαι</span> 
     </span>
     <span class='ocr_line' id='line_1_37' title="bbox 238 3789 1392 3861; baseline 0.004 -16"><span class='ocrx_word' id='word_1_380' title='bbox 238 3791 402 3861; x_wconf 54' lang='grc' dir='ltr'>ἐλευθερίου</span> <span class='ocrx_word' id='word_1_381' title='bbox 429 3789 449 3845; x_wconf 95' lang='lat' dir='ltr'>it</span> <span class='ocrx_word' id='word_1_382' title='bbox 471 3808 528 3845; x_wconf 88' lang='lat' dir='ltr'>was</span> <span class='ocrx_word' id='word_1_383' title='bbox 554 3791 619 3846; x_wconf 91' lang='lat' dir='ltr'>thus</span> <span class='ocrx_word' id='word_1_384' title='bbox 644 3809 661 3846; x_wconf 88' lang='lat' dir='ltr'>a</span> <span class='ocrx_word' id='word_1_385' title='bbox 686 3792 816 3847; x_wconf 85' lang='lat' dir='ltr'>different</span> <span class='ocrx_word' id='word_1_386' title='bbox 841 3793 957 3861; x_wconf 89' lang='lat' dir='ltr'>remedy</span> <span class='ocrx_word' id='word_1_387' title='bbox 979 3794 1052 3847; x_wconf 83' lang='lat' dir='ltr'>from</span> <span class='ocrx_word' id='word_1_388' title='bbox 1074 3795 1123 3848; x_wconf 91' lang='lat' dir='ltr'>the</span> <span class='ocrx_word' id='word_1_389' title='bbox 1148 3793 1328 3848; x_wconf 87' lang='lat' dir='ltr'>interdictum</span> <span class='ocrx_word' id='word_1_390' title='bbox 1354 3794 1392 3850; x_wconf 91' lang='lat' dir='ltr'>de</span> 
     </span>
     <span class='ocr_line' id='line_1_38' title="bbox 239 3874 1393 3947; baseline 0.003 -19"><span class='ocrx_word' id='word_1_391' title='bbox 239 3874 354 3929; x_wconf 91' lang='lat' dir='ltr'>homine</span> <span class='ocrx_word' id='word_1_392' title='bbox 372 3874 461 3930; x_wconf 90' lang='lat' dir='ltr'>libero</span> <span class='ocrx_word' id='word_1_393' title='bbox 479 3875 648 3941; x_wconf 88' lang='lat' dir='ltr'>exhibendo,</span> <span class='ocrx_word' id='word_1_394' title='bbox 661 3875 753 3929; x_wconf 92' lang='lat' dir='ltr'>which</span> <span class='ocrx_word' id='word_1_395' title='bbox 773 3878 819 3945; x_wconf 89' lang='lat' dir='ltr'>lay</span> <span class='ocrx_word' id='word_1_396' title='bbox 832 3877 898 3944; x_wconf 91' lang='lat' dir='ltr'>only</span> <span class='ocrx_word' id='word_1_397' title='bbox 911 3877 954 3930; x_wconf 81' lang='lat' dir='ltr'>ior</span> <span class='ocrx_word' id='word_1_398' title='bbox 965 3877 1014 3931; x_wconf 89' lang='lat' dir='ltr'>the</span> <span class='ocrx_word' id='word_1_399' title='bbox 1027 3876 1196 3946; x_wconf 91' lang='lat' dir='ltr'>production</span> <span class='ocrx_word' id='word_1_400' title='bbox 1209 3878 1242 3930; x_wconf 80' lang='lat' dir='ltr'>oi</span> <span class='ocrx_word' id='word_1_401' title='bbox 1256 3894 1273 3931; x_wconf 89' lang='lat' dir='ltr'>a</span> <span class='ocrx_word' id='word_1_402' title='bbox 1287 3893 1393 3947; x_wconf 88' lang='lat' dir='ltr'>person</span> 
     </span>
     <span class='ocr_line' id='line_1_39' title="bbox 239 3958 1392 4029; baseline 0.005 -19"><span class='ocrx_word' id='word_1_403' title='bbox 239 3959 334 4012; x_wconf 92' lang='lat' dir='ltr'>whose</span> <span class='ocrx_word' id='word_1_404' title='bbox 348 3958 405 4012; x_wconf 75' lang='lat' dir='ltr'>free</span> <span class='ocrx_word' id='word_1_405' title='bbox 419 3967 509 4011; x_wconf 91' lang='lat' dir='ltr'>status</span> <span class='ocrx_word' id='word_1_406' title='bbox 522 3975 579 4011; x_wconf 89' lang='lat' dir='ltr'>was</span> <span class='ocrx_word' id='word_1_407' title='bbox 592 3969 641 4012; x_wconf 91' lang='lat' dir='ltr'>not</span> <span class='ocrx_word' id='word_1_408' title='bbox 656 3958 842 4028; x_wconf 89' lang='lat' dir='ltr'>questioned:</span> <span class='ocrx_word' id='word_1_409' title='bbox 862 3958 962 4029; x_wconf 88' lang='lat' dir='ltr'>‘plane</span> <span class='ocrx_word' id='word_1_410' title='bbox 981 3958 1004 4013; x_wconf 91' lang='lat' dir='ltr'>si</span> <span class='ocrx_word' id='word_1_411' title='bbox 1024 3959 1143 4028; x_wconf 88' lang='lat' dir='ltr'>dubitat,</span> <span class='ocrx_word' id='word_1_412' title='bbox 1156 3970 1249 4013; x_wconf 90' lang='lat' dir='ltr'>utrum</span> <span class='ocrx_word' id='word_1_413' title='bbox 1266 3959 1337 4014; x_wconf 80' lang='lat' dir='ltr'>lib‘er</span> <span class='ocrx_word' id='word_1_414' title='bbox 1355 3979 1392 4016; x_wconf 91' lang='lat' dir='ltr'>an</span> 
     </span>
     <span class='ocr_line' id='line_1_40' title="bbox 239 4040 1394 4110; baseline 0.003 -14"><span class='ocrx_word' id='word_1_415' title='bbox 239 4058 337 4096; x_wconf 89' lang='lat' dir='ltr'>servus</span> <span class='ocrx_word' id='word_1_416' title='bbox 355 4040 400 4109; x_wconf 86' lang='lat' dir='ltr'>sit,</span> <span class='ocrx_word' id='word_1_417' title='bbox 419 4041 463 4095; x_wconf 91' lang='lat' dir='ltr'>vel</span> <span class='ocrx_word' id='word_1_418' title='bbox 482 4041 549 4095; x_wconf 81' lang='lat' dir='ltr'>facit</span> <span class='ocrx_word' id='word_1_419' title='bbox 569 4052 658 4095; x_wconf 89' lang='lat' dir='ltr'>status</span> <span class='ocrx_word' id='word_1_420' title='bbox 678 4041 908 4110; x_wconf 88' lang='lat' dir='ltr'>controversiam,</span> <span class='ocrx_word' id='word_1_421' title='bbox 921 4041 1112 4097; x_wconf 90' lang='lat' dir='ltr'>recedendum</span> <span class='ocrx_word' id='word_1_422' title='bbox 1125 4041 1177 4096; x_wconf 90' lang='lat' dir='ltr'>erit</span> <span class='ocrx_word' id='word_1_423' title='bbox 1190 4042 1227 4096; x_wconf 88' lang='lat' dir='ltr'>ab</span> <span class='ocrx_word' id='word_1_424' title='bbox 1240 4044 1296 4097; x_wconf 86' lang='lat' dir='ltr'>hoc</span> <span class='ocrx_word' id='word_1_425' title='bbox 1308 4042 1394 4099; x_wconf 85' lang='lat' dir='ltr'>inter·</span> 
     </span>
     <span class='ocr_line' id='line_1_41' title="bbox 240 4123 1395 4195; baseline 0.003 -17"><span class='ocrx_word' id='word_1_426' title='bbox 240 4125 316 4179; x_wconf 90' lang='lat' dir='ltr'>dicto</span> <span class='ocrx_word' id='word_1_427' title='bbox 334 4134 362 4178; x_wconf 90' lang='lat' dir='ltr'>et</span> <span class='ocrx_word' id='word_1_428' title='bbox 383 4123 495 4191; x_wconf 88' lang='lat' dir='ltr'>agenda</span> <span class='ocrx_word' id='word_1_429' title='bbox 511 4140 598 4177; x_wconf 92' lang='lat' dir='ltr'>causa</span> <span class='ocrx_word' id='word_1_430' title='bbox 614 4123 771 4191; x_wconf 87' lang='lat' dir='ltr'>libertatis;</span> <span class='ocrx_word' id='word_1_431' title='bbox 790 4124 895 4179; x_wconf 88' lang='lat' dir='ltr'>etenim</span> <span class='ocrx_word' id='word_1_432' title='bbox 914 4135 992 4179; x_wconf 91' lang='lat' dir='ltr'>recte</span> <span class='ocrx_word' id='word_1_433' title='bbox 1011 4125 1116 4195; x_wconf 91' lang='lat' dir='ltr'>placuit</span> <span class='ocrx_word' id='word_1_434' title='bbox 1128 4135 1196 4179; x_wconf 94' lang='lat' dir='ltr'>tunc</span> <span class='ocrx_word' id='word_1_435' title='bbox 1209 4125 1324 4179; x_wconf 90' lang='lat' dir='ltr'>demum</span> <span class='ocrx_word' id='word_1_436' title='bbox 1337 4128 1395 4182; x_wconf 91' lang='lat' dir='ltr'>hoc</span> 
     </span>
     <span class='ocr_line' id='line_1_42' title="bbox 240 4206 1394 4278; baseline 0.003 -17"><span class='ocrx_word' id='word_1_437' title='bbox 240 4207 421 4262; x_wconf 89' lang='lat' dir='ltr'>interdictum</span> <span class='ocrx_word' id='word_1_438' title='bbox 440 4208 533 4260; x_wconf 90' lang='lat' dir='ltr'>locum</span> <span class='ocrx_word' id='word_1_439' title='bbox 553 4207 666 4275; x_wconf 89' lang='lat' dir='ltr'>habere,</span> <span class='ocrx_word' id='word_1_440' title='bbox 681 4206 811 4278; x_wconf 89' lang='lat' dir='ltr'>quotiens</span> <span class='ocrx_word' id='word_1_441' title='bbox 830 4207 893 4277; x_wconf 92' lang='lat' dir='ltr'>quis</span> <span class='ocrx_word' id='word_1_442' title='bbox 910 4224 961 4276; x_wconf 93' lang='lat' dir='ltr'>pro</span> <span class='ocrx_word' id='word_1_443' title='bbox 975 4219 1052 4262; x_wconf 90' lang='lat' dir='ltr'>certo</span> <span class='ocrx_word' id='word_1_444' title='bbox 1064 4208 1135 4262; x_wconf 91' lang='lat' dir='ltr'>liber</span> <span class='ocrx_word' id='word_1_445' title='bbox 1147 4219 1210 4262; x_wconf 88' lang='lat' dir='ltr'>est:</span> <span class='ocrx_word' id='word_1_446' title='bbox 1230 4219 1356 4263; x_wconf 90' lang='lat' dir='ltr'>ceterum</span> <span class='ocrx_word' id='word_1_447' title='bbox 1369 4209 1394 4265; x_wconf 92' lang='lat' dir='ltr'>si</span> 
     </span>
     <span class='ocr_line' id='line_1_43' title="bbox 240 4289 1393 4363; baseline 0.006 -20"><span class='ocrx_word' id='word_1_448' title='bbox 240 4300 392 4360; x_wconf 88' lang='lat' dir='ltr'>quaeratur</span> <span class='ocrx_word' id='word_1_449' title='bbox 401 4289 437 4344; x_wconf 88' lang='lat' dir='ltr'>de</span> <span class='ocrx_word' id='word_1_450' title='bbox 447 4300 531 4358; x_wconf 87' lang='lat' dir='ltr'>statu,</span> <span class='ocrx_word' id='word_1_451' title='bbox 541 4306 598 4344; x_wconf 91' lang='lat' dir='ltr'>non</span> <span class='ocrx_word' id='word_1_452' title='bbox 609 4302 720 4363; x_wconf 89' lang='lat' dir='ltr'>oportet</span> <span class='ocrx_word' id='word_1_453' title='bbox 733 4289 937 4361; x_wconf 88' lang='lat' dir='ltr'>praeiudicium</span> <span class='ocrx_word' id='word_1_454' title='bbox 951 4290 1009 4346; x_wconf 88' lang='lat' dir='ltr'>fieri</span> <span class='ocrx_word' id='word_1_455' title='bbox 1024 4291 1133 4346; x_wconf 89' lang='lat' dir='ltr'>alienae</span> <span class='ocrx_word' id='word_1_456' title='bbox 1142 4291 1312 4361; x_wconf 85' lang='lat' dir='ltr'>cognitioni’</span> <span class='ocrx_word' id='word_1_457' title='bbox 1325 4292 1393 4363; x_wconf 85' lang='lat' dir='ltr'>Dig.</span> 
     </span>
     <span class='ocr_line' id='line_1_44' title="bbox 240 4385 1196 4442; baseline 0 -2"><span class='ocrx_word' id='word_1_458' title='bbox 240 4387 283 4440; x_wconf 80' lang='lat'>4³·</span> <span class='ocrx_word' id='word_1_459' title='bbox 299 4388 341 4442; x_wconf 89' lang='lat'>29·</span> <span class='ocrx_word' id='word_1_460' title='bbox 355 4387 378 4440; x_wconf 86' lang='lat'>3·</span> <span class='ocrx_word' id='word_1_461' title='bbox 393 4385 419 4439; x_wconf 88' lang='lat'>7·</span> <span class='ocrx_word' id='word_1_462' title='bbox 1194 4411 1196 4415; x_wconf 96' lang='lat'>·</span> 
     </span>
    </p>

    <p class='ocr_par' dir='ltr' id='par_1_7' title="bbox 278 4455 1396 4531">
     <span class='ocr_line' id='line_1_45' title="bbox 278 4455 1396 4531; baseline 0.004 -21"><span class='ocrx_word' id='word_1_463' title='bbox 278 4458 334 4510; x_wconf 89' lang='lat' dir='ltr'>For</span> <span class='ocrx_word' id='word_1_464' title='bbox 352 4457 401 4510; x_wconf 88' lang='lat' dir='ltr'>the</span> <span class='ocrx_word' id='word_1_465' title='bbox 418 4455 587 4527; x_wconf 87' lang='lat' dir='ltr'>production</span> <span class='ocrx_word' id='word_1_466' title='bbox 601 4456 634 4511; x_wconf 81' lang='lat' dir='ltr'>os</span> <span class='ocrx_word' id='word_1_467' title='bbox 649 4474 667 4513; x_wconf 84' lang='lat' dir='ltr'>a</span> <span class='ocrx_word' id='word_1_468' title='bbox 684 4456 801 4514; x_wconf 91' lang='lat' dir='ltr'>libertus</span> <span class='ocrx_word' id='word_1_469' title='bbox 815 4457 875 4513; x_wconf 89' lang='lat' dir='ltr'>‘cui</span> <span class='ocrx_word' id='word_1_470' title='bbox 895 4470 1031 4530; x_wconf 85' lang='lat' dir='ltr'>patronus</span> <span class='ocrx_word' id='word_1_471' title='bbox 1050 4474 1151 4531; x_wconf 90' lang='lat' dir='ltr'>operas</span> <span class='ocrx_word' id='word_1_472' title='bbox 1170 4457 1295 4514; x_wconf 87' lang='lat' dir='ltr'>indicere</span> <span class='ocrx_word' id='word_1_473' title='bbox 1311 4458 1396 4515; x_wconf 85' lang='lat' dir='ltr'>velit’</span> 
     </span>
    </p>
   </div>
   <div class='ocr_carea' id='block_1_4' title="bbox 0 0 1507 5048">
    <p class='ocr_par' dir='ltr' id='par_1_8' title="bbox 0 0 1507 5048">
     <span class='ocr_line' id='line_1_46' title="bbox 0 0 1507 5048; baseline 0 0"><span class='ocrx_word' id='word_1_474' title='bbox 0 0 1507 5048; x_wconf 95' lang='lat' dir='ltr'> </span> 
     </span>
    </p>
   </div>
  </div>
 </body>
</html>
