2986 5048
105 342 225 421 mere]
269 350 332 407 DE
351 350 565 409 LEGIYIMA
589 352 893 410 ADGNATORUM
915 352 943 410 T
944 352 1093 412 UYELA.
1197 364 1258 434 145

154 513 192 580 Si
208 514 281 598 quis
296 514 427 580 filiabus
440 517 507 581 suis
522 516 574 581 vel
590 516 664 583 filiis
679 527 805 585 tutores
819 520 956 598 dederit,
969 520 1069 588 etiarn
1086 527 1289 605 postumae5

108 618 161 683 vel
176 630 333 703 postumo
346 623 478 689 videtur
492 622 632 699 dedisse,
648 624 726 706 quia
742 623 798 688 filii
813 626 867 689 vel
886 625 972 691 filiae
986 626 1210 710 appellatione
1225 637 1260 692 et

109 734 283 807 postumus
305 734 340 790 et
361 736 517 809 postuma
539 729 757 795 continentur.
799 730 878 813 quid
901 732 928 794 si
951 740 1089 815 nepotes
1113 733 1189 808 sint,
1216 749 1259 794 an

109 828 337 911 appellatione
352 829 492 895 filiomm
508 843 542 897 et
557 833 636 916 ipsis
651 841 776 898 tutores
792 835 862 900 dati
878 838 977 902 sunt?
1007 836 1184 901 dicendum
1200 846 1259 911 est,

109 940 148 996 ut
163 933 242 1015 ipsis
258 951 390 1016 quoque
405 936 476 1000 dati
489 936 671 1013 videantur,
688 937 714 1001 si
734 940 834 1003 modo
849 940 969 1004 liberos
984 940 1080 1005 dixit.
1113 949 1260 1005 ceterum

110 1034 138 1099 si
165 1035 260 1116 tilios,
286 1057 352 1101 non
379 1039 652 1105 continebuntur:
682 1042 779 1106 aliter
803 1045 890 1108 enim
916 1044 983 1121 filii,
1004 1043 1102 1109 aliter
1122 1052 1262 1127 nepotes

111 1139 331 1224 appellantur.
365 1142 464 1225 plane
475 1145 501 1207 si
518 1145 679 1228 postumis
690 1146 828 1226 dederit,
840 1157 910 1213 tam
927 1148 984 1213 lilii
1000 1147 1145 1233 postumi
1160 1167 1261 1232 quam

111 1243 212 1308 ceteri
227 1244 321 1310 liberi
337 1248 598 1313 continebuntur.

652 1465 728 1530 XV.

323 1643 373 1692 DE
397 1643 582 1693 LEGITIMA
604 1642 867 1695 ADGNATORUM
892 1643 1052 1696 TUTELA.

158 1791 288 1875 Quibus
307 1802 418 1856 autem
440 1801 641 1857 testamento
660 1801 751 1857 tutor
772 1792 870 1856 datus
891 1813 956 1857 non
977 1794 1029 1873 sit,
1050 1792 1102 1858 his
1124 1816 1168 1859 ex
1191 1794 1264 1879 lege

115 1897 291 1962 duodecim
304 1897 490 1960 tabulamm
502 1897 638 1979 adgnati
652 1908 727 1961 sunt
739 1905 873 1974 tutores,
882 1897 938 1980 qui
948 1908 1108 1964 vocantur
1116 1897 1264 1982 legitimi.

116 2000 202 2066 Sunt
224 2008 336 2064 autem
358 2001 495 2082 adgnati
518 2021 577 2083 per
593 2001 694 2064 virilis
714 2022 815 2065 sexus
833 2003 1064 2084 cognationem
1087 2002 1293 2082 coniuncti‚l

115 2106 208 2188 quasi
229 2126 250 2168 a
270 2113 365 2187 patre
385 2106 526 2186 cognati,
541 2105 643 2168 veluti
665 2104 765 2169 irater
784 2106 902 2170 eodem
921 2113 1015 2188 patre
1034 2114 1140 2184 natus,
1157 2107 1266 2173 fratris

115 2209 203 2274 filius
226 2228 371 2291 neposve
392 2229 437 2272 ex
456 2228 504 2288 eo,
525 2210 603 2273 item
620 2219 756 2292 patruus
771 2220 805 2274 et
825 2211 933 2293 patmi
956 2210 1041 2274 filius
1060 2231 1204 2294 neposve
1221 2232 1265 2277 ex

116 2332 166 2378 eo.
205 2324 242 2376 at
256 2314 311 2395 qui
327 2332 387 2395 per
401 2312 548 2377 seminini
569 2334 668 2378 sexus
688 2333 845 2397 personas
866 2315 1064 2396 cognatione
1081 2316 1267 2399 iunguntur,

116 2438 184 2482 non
214 2425 291 2481 sunt
320 2416 466 2499 adgnati,
494 2418 552 2482 sed
579 2417 661 2482 alias
688 2417 829 2483 naturali
861 2419 929 2482 iure
955 2420 1098 2501 cognati.
1157 2420 1270 2505 itaque

116 2522 241 2586 amitae
267 2532 344 2585 tuae
370 2519 455 2585 filius
486 2543 551 2585 non
578 2532 629 2586 est
658 2522 719 2586 tibi
749 2524 925 2605 adgnatus‚
951 2523 1009 2586 sed
1037 2533 1197 2607 cognatus
1221 2522 1270 2610 (et

118 2627 259 2690 invicem
288 2625 414 2690 scilicet
449 2635 485 2690 tu
520 2625 567 2689 illi
602 2629 720 2691 eodem
750 2628 819 2690 iure
849 2625 1077 2710 coniungens),
1107 2629 1184 2710 quia
1213 2631 1269 2710 qui

119 2807 188 2861 than
219 2806 326 2872 tutela3
352 2805 387 2859 cs.
401 2804 456 2860 Tit.
472 2820 514 2860 21.
529 2820 545 2873 3
563 2804 611 2859 inf.
639 2803 715 2859 ‘non
745 2803 903 2874 praetorius
934 2812 1018 2871 tutor,
1049 2813 1080 2859 ut
1110 2805 1188 2873 olim,
1219 2807 1271 2862 sed

119 2899 232 2944 curator
256 2889 286 2944 in
311 2888 371 2944 eius
393 2890 487 2944 locum
508 2889 606 2945 datur’
624 2887 681 2943 Tit.
694 2901 736 2955 23.
753 2902 777 2955 2,
797 2886 927 2941 ‘curator
949 2885 1026 2941 enim
1048 2896 1076 2943 et
1100 2889 1139 2944 ad
1163 2899 1270 2945 certam

120 2988 237 3026 causam
250 2972 311 3027 dari
324 2973 436 3043 potest!
462 2972 487 3025 lt
500 2982 613 3039 cannot,
627 2972 766 3039 however,
775 2970 813 3024 be
825 2969 947 3024 inferred
961 2968 1034 3024 lrom
1045 2971 1094 3027 the
1107 2973 1184 3027 word
1194 2973 1271 3043 ‘per-

120 3057 224 3111 sonae’
231 3057 293 3111 that
305 3057 354 3112 the
366 3054 526 3126 guardian’s
539 3054 616 3109 main
630 3053 699 3124 duty
708 3070 766 3107 was
779 3053 827 3108 the
838 3051 1037 3109 maintenance
1049 3054 1107 3110 and
1119 3056 1271 3112 education

120 3139 154 3194 οἱ
168 3140 216 3194 the
236 3138 331 3210 pupil:
350 3139 393 3194 sor
411 3137 468 3193 this
487 3139 511 3192 is
529 3137 688 3207 absolutely
706 3146 807 3191 untrue
824 3136 856 3190 oi
871 3136 918 3190 the
937 3137 1026 3192 tutela
1043 3138 1201 3207 mulierum,
1213 3140 1272 3195 and

120 3239 193 3279 even
205 3222 272 3276 with
285 3222 446 3292 impuberes
463 3224 500 3277 he
515 3222 581 3290 had,
594 3221 738 3291 generally
750 3217 897 3291 speaking,
910 3219 1030 3291 nothing
1042 3231 1072 3276 to
1089 3223 1127 3277 do
1140 3221 1206 3278 with
1222 3225 1272 3280 the

121 3306 219 3361 child’s
241 3305 402 3373 education,
421 3305 513 3360 which
532 3322 589 3359 was
608 3303 749 3373 managed
770 3304 875 3373 hythe
895 3314 1008 3358 nearest
1030 3305 1160 3362 relatives
1182 3307 1273 3363 under

121 3389 295 3459 magisterial
316 3388 512 3457 supervision:
531 3389 580 3444 the
602 3397 678 3442 tutor
698 3386 758 3442 had
777 3387 844 3455 only
865 3395 895 3441 to
916 3385 1033 3456 provide
1055 3389 1103 3444 the
1123 3405 1222 3445 means
1243 3391 1271 3444 in

121 3472 286 3545 proportion
299 3482 329 3526 to
341 3472 390 3526 the
403 3472 504 3541 pupil’s
517 3480 658 3541 property,
671 3487 704 3525 as
716 3469 894 3525 determined
906 3470 945 3541 hy
957 3472 1006 3528 the
1019 3471 1193 3541 magistrate.

157 3558 218 3611 att
230 3557 303 3610 XV.
320 3555 448 3624 Agnates
461 3571 510 3609 are
522 3555 583 3608 also
596 3553 709 3609 defined
722 3552 751 3608 in
765 3554 816 3607 Bk
831 3552 870 3608 iii.
883 3567 907 3607 2.
924 3567 947 3621 r,
960 3552 1032 3608 irom
1045 3554 1135 3610 which
1148 3572 1192 3610 we
1205 3572 1273 3625 may

121 3642 208 3712 apply
224 3642 291 3695 here
309 3649 358 3695 too
372 3641 421 3693 the
440 3641 500 3693 rule
523 3638 594 3692 ‘non
620 3648 717 3693 tamen
741 3638 873 3692 omnibus
898 3635 982 3692 simul
1006 3638 1137 3710 adgnatis
1157 3640 1208 3696 dat
1228 3640 1273 3694 lex

122 3723 310 3780 hereditatem
323 3723 474 3792 (tutelam),
487 3722 540 3777 sed
559 3722 593 3776 iis
606 3720 653 3792 qui
673 3731 740 3776 tunc
752 3720 922 3792 proximiore
940 3721 1030 3790 gradu
1049 3730 1114 3777 sunt
1132 3738 1197 3776 cum
1214 3738 1273 3777 cer·

56 3822 61 3829 ·
121 3818 183 3863 tum
195 3824 259 3863 esse
278 3805 403 3876 coeperit
420 3806 544 3876 aliquem
561 3804 725 3860 intestatum
744 3804 919 3872 decessissess
930 3804 974 3859 sor
985 3803 1077 3859 which
1095 3804 1130 3861 ct
1142 3806 1204 3861 also
1217 3806 1273 3861 Tit.

126 3892 165 3947 16.
180 3904 196 3958 7
209 3892 257 3946 inl.
304 3892 366 3945 Tm
386 3890 541 3957 definition,
554 3898 584 3943 to
601 3888 637 3944 be
655 3888 741 3943 made
759 3888 895 3958 persectly
907 3897 1048 3957 accurate,
1059 3887 1185 3959 requires
1203 3887 1273 3943 both

122 3974 270 4031 extension
292 3974 350 4028 and
370 3972 537 4028 restriction.
577 3971 602 4026 lt
624 3981 699 4027 must
720 3972 757 4026 be
779 3970 921 4027 extended
943 3986 976 4024 so
995 3987 1030 4026 aa
1048 3981 1079 4026 to
1101 3970 1214 4028 include
1234 3972 1273 4040 (ι)

122 4058 257 4128 adoptive
275 4056 419 4125 relations,
432 4072 489 4126 e.g.
502 4055 632 4110 brothers
651 4055 709 4109 and
727 4054 843 4109 uncles:
862 4054 906 4108 sor
922 4054 1004 4109 these
1020 4064 1125 4110 cannot
1143 4056 1275 4125 properly

122 4142 160 4196 be
173 4141 236 4196 said
247 4152 278 4196 to
290 4141 326 4195 be
340 4137 453 4209 cognati
466 4150 495 4194 at
512 4139 549 4193 all
563 4137 586 4192 ii
601 4147 737 4207 cognates
753 4153 801 4192 are
814 4152 933 4207 persons
951 4136 1059 4192 related
1071 4137 1192 4192 naturali
1205 4137 1275 4208 iure,

123 4225 162 4294 by
175 4226 223 4280 the
236 4224 274 4279 tie
291 4223 324 4277 ol
332 4222 437 4278 blood:
457 4222 514 4277 and
528 4222 567 4291 (2)
581 4238 691 4278 women
704 4222 767 4275 who
784 4220 822 4290 by
834 4219 953 4290 passing
964 4218 993 4274 in
1011 4236 1127 4275 manum
1144 4237 1226 4278 came
1244 4233 1275 4276 to

122 4307 161 4363 be
183 4306 257 4362 filiae
278 4306 342 4360 loco
360 4316 390 4360 to
408 4304 482 4360 their
497 4304 653 4373 husbands,
670 4303 728 4359 and
748 4304 814 4359 thus
833 4303 882 4373 (by
900 4319 919 4356 a
936 4318 1051 4372 process
1070 4303 1226 4373 analogous
1244 4314 1275 4358 to

124 4390 273 4460 adoption)
286 4388 405 4444 became
418 4399 536 4460 agnates
554 4399 584 4443 to
597 4387 670 4442 their
683 4405 745 4442 own
758 4386 885 4442 children
904 4385 962 4441 and
980 4396 1010 4442 to
1028 4385 1102 4441 their
1119 4384 1275 4443 husbaud’s

124 4484 244 4544 agnatus
257 4472 286 4528 in
305 4473 429 4543 general
466 4473 493 4527 lt
511 4481 596 4541 must,
608 4487 646 4526 on
664 4470 713 4526 the
731 4472 813 4527 other
830 4469 917 4541 hand,
930 4469 967 4525 he
984 4468 1133 4526 restricted
1148 4486 1182 4527 so
1198 4486 1232 4527 as
1244 4481 1275 4526 to

685 4573 709 4625 1.
