2986 5048
228 367 292 433 610
431 375 506 432 INS
510 375 582 431 TIT
583 375 639 433 UT
637 374 784 431 IONUM
802 375 923 431 LIBRI
940 374 1177 447 QUATTUOR.
1264 379 1331 446 [biv.
1341 386 1386 437 tv.

229 541 413 623 religiosam
430 540 526 605 furati
543 540 672 604 fuerint.
717 538 775 603 sed
797 537 824 603 si
846 540 981 623 quidem
1005 541 1066 624 ipsi
1088 540 1213 606 iudices
1231 550 1387 626 tempore

228 645 525 709 administrationis
541 644 692 727 publicas
714 644 871 739 pecunias
894 645 1142 724 subtraxerunt,
1157 648 1292 729 capitali
1311 648 1387 713 ani·

229 751 458 815 madversione
488 751 677 834 puniuntur,
708 759 742 813 et
777 769 843 812 non
879 750 988 815 solum
1023 750 1068 826 hi,
1100 752 1159 816 sed
1193 753 1294 816 etiam
1325 753 1386 835 qui

228 853 446 918 ministerium
470 855 516 918 eis
536 855 580 918 ad
603 852 667 917 hoc
689 851 912 916 adhibuerunt
931 854 984 919 vel
1007 855 1063 936 qui
1083 855 1252 921 subtracta
1272 858 1317 920 ab
1332 856 1387 921 his

228 959 369 1021 scientes
392 966 622 1040 susceperunt:
645 956 701 1019 alii
720 976 806 1034 vero,
823 958 881 1039 qui
904 957 937 1020 in
959 957 1045 1022 hanc
1068 958 1176 1040 legem
1200 960 1386 1039 inciderint,

182 1070 216 1124 10
229 1081 354 1142 poenae
378 1060 617 1142 deportationis
640 1059 867 1140 subiugentur.
913 1059 976 1123 Est
997 1061 1083 1126 inter
1105 1063 1238 1145 publica
1262 1064 1386 1128 iudicia

229 1165 283 1227 lex
311 1164 415 1228 Fabia
442 1166 484 1228 de
510 1165 686 1247 plagiariis,
709 1183 796 1245 quae
825 1165 993 1228 interdum
1020 1167 1139 1249 capitis
1168 1187 1310 1249 poenam
1338 1188 1385 1232 ex

182 1268 327 1331 llsaoris
362 1268 651 1332 constitutionibus
688 1268 820 1348 irrogat,
854 1268 1021 1332 interdum
1062 1269 1230 1334 leviorem.
1295 1270 1386 1336 Sunt

228 1380 398 1451 praeterea
427 1371 559 1453 publica
594 1370 712 1435 iudicia
744 1370 801 1434 lex
840 1371 924 1435 Iulia
959 1372 1104 1437 ambitus
1139 1383 1172 1438 et
1207 1373 1265 1438 lex
1298 1373 1386 1439 Iulia

228 1475 484 1554 repetundarum
511 1483 544 1538 et
568 1473 626 1537 lex
653 1473 738 1537 Iulia
765 1474 808 1538 de
834 1495 965 1539 annona
996 1484 1029 1539 et
1057 1475 1114 1539 lex
1143 1476 1227 1540 Iulia
1258 1477 1302 1541 de
1333 1499 1385 1541 re·

228 1577 337 1654 siduis,
359 1599 446 1660 quae
468 1577 511 1641 de
533 1578 630 1642 certis
653 1577 805 1660 capitulis
828 1577 1008 1660 loquuntur
1031 1588 1065 1642 et
1091 1581 1222 1643 animae
1246 1581 1384 1663 quidem

227 1680 438 1744 amissionem
468 1702 534 1745 non
561 1682 716 1764 irrogant,
740 1681 814 1745 aliis
840 1692 953 1745 autem
978 1684 1094 1765 poenis
1122 1705 1179 1747 eos
1205 1685 1376 1751 subiciunt

227 1785 284 1865 qui
300 1795 475 1867 praecepta
490 1806 603 1848 earum
619 1785 837 1867 neglexerint.

229 2013 257 2057 et
266 2003 302 2058 de
311 2003 445 2059 residuis’
455 2003 509 2074 (lor
518 2006 566 2060 the
575 2006 628 2059 last
638 2003 708 2075 see§
722 2019 749 2059 11
763 2004 833 2073 ini),
845 2004 911 2075 Dig.
922 2005 963 2071 48.
977 2020 1017 2074 13.
1043 2006 1182 2061 Whether
1192 2007 1239 2061 the
1249 2007 1384 2062 unlawt'ul

228 2087 438 2157 appropriatiou
447 2088 479 2142 of
485 2087 637 2157 municipal
647 2098 781 2158 property
789 2104 870 2143 came
880 2087 977 2142 within
988 2089 1036 2142 the
1047 2089 1186 2159 penalties
1196 2089 1229 2143 ol
1235 2090 1384 2159 peculatus

228 2187 285 2224 was
299 2183 326 2225 at
341 2171 400 2226 first
413 2171 567 2239 uncertain,
579 2171 630 2225 but
643 2170 691 2226 the
704 2170 834 2241 question
848 2188 905 2225 was
919 2170 1039 2226 decided
1058 2171 1086 2226 in
1100 2173 1148 2227 the
1162 2172 1331 2227 affirmative
1344 2174 1386 2243 by

228 2255 341 2324 Trajan,
357 2254 422 2325 Dig.
435 2256 479 2322 48.
496 2271 505 2310 t
511 2269 536 2323 3.
548 2269 572 2322 4.
587 2269 611 2321 7.
650 2256 707 2309 For
719 2255 768 2309 the
786 2254 921 2324 meaning
939 2256 972 2308 os
986 2255 1134 2325 religiosus
1154 2273 1202 2310 see
1216 2256 1268 2311 Bk.
1284 2255 1312 2310 ὶὶ.
1330 2271 1351 2310 1.
1365 2273 1384 2326 9

227 2336 285 2391 and
302 2347 377 2405 note,
390 2356 485 2408 supr.;
504 2338 625 2407 stealing
642 2338 715 2392 srom
734 2338 837 2406 tombs,
851 2338 989 2407 however,
1003 2338 1072 2393 does
1091 2349 1142 2393 not
1160 2356 1239 2393 seem
1257 2351 1287 2393 to
1307 2340 1383 2394 have

227 2422 381 2476 amounted
400 2432 430 2476 to
449 2421 594 2491 sacrilege,
610 2421 750 2491 ‘lapidem
769 2422 845 2476 hunc
864 2438 1019 2477 movere..
1034 2420 1213 2491 ,proximum
1232 2422 1384 2493 sacrilegio

227 2504 348 2559 maiores
361 2506 534 2560 habuerunt’
547 2505 654 2574 Codo
673 2519 710 2574 19
728 2518 751 2574 5,
765 2504 845 2559 ‘sunt
864 2503 1002 2575 sacrilegi,
1016 2503 1063 2575 qui
1084 2505 1198 2574 publica
1210 2523 1291 2560 sacra
1304 2523 1382 2560 com·

226 2587 392 2657 pilaverunt,
412 2599 441 2644 at
465 2589 511 2660 qui
534 2587 644 2660 privata
665 2605 786 2643 sacra..
801 2588 944 2659 ,amplius
969 2605 1054 2659 quam
1073 2589 1158 2657 sures,
1179 2588 1272 2643 minus
1293 2607 1382 2660 quam

229 2671 357 2742 sacrilegi
372 2674 529 2727 merentur’
542 2672 607 2741 Dig.
621 2672 663 2738 48.
681 2686 691 2724 r
696 2686 719 2739 3.
734 2687 758 2741 9.
776 2686 797 2726 1.

262 2757 324 2810 The
343 2757 458 2826 penalty
471 2756 503 2810 ol
517 2756 565 2810 the
583 2757 628 2810 lex
650 2754 721 2809 lulia
738 2755 885 2824 peculatus
898 2771 955 2808 was
969 2771 1060 2825 aquae
1074 2762 1105 2809 et
1123 2753 1196 2825 ignis
1210 2754 1381 2821 interdictio,

226 2838 269 2891 lor
288 2839 378 2892 which
397 2838 556 2909 deportatio
575 2856 632 2893 was
651 2837 830 2905 substituted,
855 2837 921 2906 Dig.
940 2838 983 2903 48.
1000 2853 1039 2906 13.
1061 2853 1304 2909 3.p.134supr.;
1329 2839 1381 2894 but

225 2921 354 2990 sacrilegi
377 2939 449 2977 were
471 2921 611 2991 punished
633 2920 775 2988 variously
796 2920 950 2989 according
972 2930 1001 2973 to
1024 2922 1072 2975 the
1097 2921 1236 2989 enormity
1257 2921 1289 2974 ol
1307 2921 1382 2976 their

225 3003 320 3071 crime,
343 3005 408 3074 Dig.
422 3004 459 3059 ib.
473 3020 498 3074 9.
512 3021 553 3074 pr.
589 3006 616 3059 A
634 3004 693 3058 fine
715 3004 748 3057 ol
766 3004 827 3058 lour
849 3003 932 3058 times
955 3004 1003 3058 the
1023 3004 1105 3058 value
1128 3004 1160 3057 ol
1176 3005 1224 3059 the
1246 3016 1381 3074 property

225 3087 425 3158 appropriated
448 3105 542 3142 seems
567 3097 597 3142 to
622 3089 693 3142 have
718 3088 791 3142 been
817 3087 980 3155 commonly
1005 3086 1131 3142 inflicted
1156 3087 1198 3142 lor
1223 3089 1379 3158 peculatus,

225 3173 347 3241 perhaps
367 3171 456 3225 under
473 3171 521 3224 the
539 3172 583 3224 lex
606 3169 676 3225 Iulia
696 3170 778 3237 itself,
798 3171 875 3225 Paul.
890 3179 960 3224 sent.
974 3187 1030 3224 rec.
1046 3182 1068 3238 5.
1082 3182 1125 3236 27.
1164 3170 1327 3224 Peculation
1341 3172 1381 3241 by

222 3255 325 3324 judges
338 3272 395 3308 was
409 3265 437 3309 at
451 3254 510 3308 first
523 3253 664 3323 punished
677 3254 743 3323 only
754 3253 793 3321 by
803 3253 867 3321 fine,
878 3253 920 3306 lor
932 3253 1023 3307 which
1037 3252 1122 3306 death
1137 3270 1193 3306 was
1207 3253 1380 3308 substituted

224 3339 263 3406 by
283 3337 470 3405 Theodosius,
490 3337 570 3391 ‘curn
592 3337 638 3391 vix
660 3354 711 3406 par
729 3353 823 3406 poena
842 3335 886 3390 his
908 3336 998 3406 possit
1017 3335 1132 3405 flagitiis
1153 3336 1287 3392 inveniri’
1308 3338 1378 3392 Cod.

226 3421 335 3476 Theod.
350 3436 373 3490 9.
389 3421 431 3475 28.
449 3436 470 3475 1.

262 3502 275 3573 ξ
290 3507 336 3558 10.
355 3505 417 3559 The
427 3506 471 3559 lex
482 3504 572 3558 Fabia
582 3505 618 3559 de
628 3504 771 3574 plagiariis
783 3503 806 3558 is
817 3504 940 3559 referred
953 3514 983 3558 to
993 3504 1031 3573 by
1043 3503 1152 3573 Cicero,
1162 3521 1214 3574 pro
1225 3502 1342 3558 Rabirio
1353 3519 1378 3574 3,

225 3587 282 3642 and
302 3588 381 3643 there
401 3587 425 3642 is
445 3606 463 3643 a
482 3587 556 3642 Title
578 3605 652 3658 upon
674 3588 694 3643 it
716 3587 745 3641 in
767 3589 815 3641 the
839 3588 918 3643 Code
937 3588 973 3656 (9.
993 3588 1058 3655 20);
1087 3588 1122 3642 its
1148 3599 1262 3643 content
1285 3588 1309 3642 is
1330 3588 1378 3642 de·

225 3670 337 3724 scribed
356 3671 394 3740 by
408 3670 514 3740 Ulpian
533 3670 561 3724 in
581 3672 630 3726 the
647 3669 769 3739 collatio,
791 3685 830 3736 14.
845 3686 861 3724 2
878 3670 935 3724 and
953 3670 1060 3739 3‘lege
1081 3670 1172 3725 Fabia
1191 3681 1309 3737 tenetur,
1329 3671 1377 3741 qui

225 3754 316 3807 civem
346 3756 515 3822 Romanum,
543 3754 731 3825 eundemque,
756 3752 803 3824 qui
833 3753 861 3807 in
893 3752 975 3808 ltalia
1002 3754 1136 3808 liberatus
1166 3753 1211 3821 sit,
1236 3754 1378 3822 celaverit,

225 3836 352 3906 vinxerit,
377 3838 558 3908 vinctumque
587 3838 725 3906 habuerit,
751 3837 917 3905 vendiderit,
943 3837 1041 3891 emerit
1043 3875 1137 3905 .....
1150 3837 1277 3892 eiusdem
1305 3836 1378 3906 legis

225 3920 318 3990 capite
340 3922 466 3976 secundo
488 3932 606 3990 tenetur,
629 3921 676 3993 qui
699 3921 822 3975 alienum
847 3937 960 3974 servum
985 3920 1073 3975 invito
1094 3921 1210 3975 domino
1235 3920 1377 3988 celaverit,

225 4002 391 4071 vendiderit,
405 4005 503 4059 emerit
517 4004 583 4059 dolo
596 4006 672 4059 malo
684 4007 705 4070 ;'
724 4023 756 4059 as
776 4017 806 4058 to
825 4003 861 4059 its
881 4003 1018 4074 penalties
1032 4003 1052 4059 it
1072 4003 1095 4058 is
1113 4003 1175 4058 said
1194 4003 1222 4057 in
1236 4004 1283 4057 the
1297 4020 1377 4058 same

225 4104 354 4157 passage,
368 4088 411 4143 ‘et
425 4087 492 4142 olim
512 4089 626 4160 quidem
646 4089 728 4142 huius
748 4087 818 4158 legis
835 4105 928 4158 poena
945 4088 1074 4142 numaria
1092 4088 1151 4156 luit,
1171 4087 1222 4142 sed
1240 4088 1378 4143 translata

224 4181 267 4226 est
293 4171 417 4241 cognitio
442 4171 470 4226 in
499 4172 658 4241 praefectos
683 4171 768 4240 urbis,
795 4172 919 4242 itemque
948 4171 1086 4240 praesidis
1111 4170 1274 4241 provinciae
1298 4183 1379 4226 extra

224 4255 353 4308 ordinem
366 4255 466 4309 meruit
484 4255 782 4310 animadversionem:
803 4255 923 4326 ideoque
942 4254 1107 4309 humiliores
1127 4254 1217 4309 autin
1231 4255 1377 4309 metallum

224 4337 402 4406 damnantur,
416 4350 463 4393 aut
477 4338 504 4392 in
518 4355 629 4393 crucem
644 4339 795 4394 tolluntur:
814 4337 1001 4407 honestiores,
1014 4338 1149 4408 adempta
1162 4336 1281 4391 dimidia
1296 4348 1377 4407 parte

223 4420 370 4488 bonorum,
385 4419 412 4474 in
426 4432 592 4491 perpetuum
607 4422 783 4491 relegantur!

260 4499 274 4573 ξ
289 4506 330 4558 11.
349 4504 411 4560 The
434 4505 478 4561 lex
501 4503 573 4559 Iulia
591 4504 627 4560 de
646 4505 755 4561 ambitu
773 4521 830 4560 was
849 4504 970 4561 enacted
987 4505 1027 4575 by
1043 4506 1196 4575 Augustus,
1215 4501 1376 4572 Suetonius,
