2986 5048
165 372 215 421 Tit.
231 364 283 434 15.]
564 362 626 417 DE
647 361 854 419 INTERDIC
856 361 932 422 TIS.
1249 366 1313 442 593

166 540 340 604 interdicta
375 537 544 622 appellari,
579 539 658 622 quia
698 538 783 604 inter
818 538 903 601 duos
943 537 1104 602 dicuntur.
1164 535 1343 618 Seq'uens2

165 644 282 708 divisio
308 644 556 707 interdictorum
582 643 665 706 haec
691 652 749 716 est,
776 645 866 724 quod
892 642 1057 724 quaedam
1081 640 1314 723 adipiscendae

166 747 382 829 possessionis
398 766 496 811 causa
511 757 701 829 comparata
716 757 803 824 sunt,
816 747 981 829 quaedam
997 744 1197 819 retinendae,
1213 763 1315 826 quae-·

166 853 244 916 dam
256 851 494 934 reciperandae.
516 849 763 934 Adipiscendae
773 851 987 934 possessionis
997 870 1095 913 causa
1105 849 1344 912 interdictum3

166 955 436 1020 accommodatur
458 954 621 1019 bonorum
644 954 833 1038 possessori,
854 955 944 1037 quod
968 953 1154 1036 appellatur
1174 972 1314 1034 quorum

166 1060 341 1131 bonomm,
366 1059 501 1142 eiusque
524 1058 573 1122 vis
599 1068 632 1122 et
658 1069 807 1140 potestas
830 1056 912 1122 haec
936 1068 996 1133 est,
1018 1066 1063 1132 ut,
1085 1057 1175 1139 quod
1198 1076 1243 1120 ex
1264 1055 1316 1119 his

167 1163 262 1226 bonis
282 1163 429 1246 quisque,
450 1183 590 1247 quorum
615 1163 777 1245 possessio
804 1161 901 1226 alicui
924 1162 1004 1225 data
1027 1170 1086 1234 est,
1111 1180 1170 1243 pro
1193 1158 1317 1223 herede

167 1277 223 1331 aut
239 1288 299 1350 pro
314 1287 502 1351 possessore
517 1268 694 1350 possideat,
710 1267 743 1331 id
760 1266 800 1342 ei,
813 1266 864 1330 cui
880 1267 1041 1328 bonorum
1057 1264 1221 1346 possessio
1236 1265 1317 1327 data

168 1382 227 1445 est,
251 1371 422 1435 restituere
444 1371 575 1435 debeat.
620 1391 680 1454 pro
705 1369 827 1435 herede
850 1378 963 1435 autem
988 1367 1155 1451 possidere
1176 1367 1316 1442 videtur,

167 1475 223 1556 qui
247 1485 341 1556 putat
362 1495 399 1539 se
424 1474 582 1538 heredem
609 1495 700 1539 esse:
724 1495 785 1557 pro
811 1493 1000 1556 possessore
1026 1473 1053 1535 is
1068 1471 1238 1553 possidet,
1260 1469 1317 1553 qui

168 1577 259 1641 nullo
289 1579 358 1642 iure
388 1599 458 1642 rem
489 1578 720 1642 hereditariam
749 1578 802 1643 vel
832 1579 934 1642 etiam
964 1587 1069 1641 totam
1098 1574 1317 1638 hereditatem

168 1681 274 1744 sciens
289 1682 332 1745 ad
348 1702 384 1745 se
401 1702 467 1745 non
482 1682 647 1765 pertinere
662 1682 820 1764 possidet.
865 1681 940 1745 ideo
959 1690 1070 1745 autem
1086 1678 1319 1760 adipiscendae

168 1784 382 1867 possessionis
396 1795 532 1850 vocatur
555 1785 775 1865 interdictum,
793 1785 871 1868 quia
893 1785 922 1847 ei
941 1794 1071 1848 tantum
1087 1781 1167 1846 utile
1188 1792 1247 1858 est,
1261 1781 1318 1863 qui

169 1908 256 1952 nunc
282 1889 425 1970 primum
455 1898 594 1953 conatur
622 1889 759 1973 adipisci
790 1889 835 1953 rei
866 1887 1127 1971 possessionem:
1157 1885 1269 1969 itaque
1291 1883 1318 1947 si

168 1992 243 2073 quis
266 1993 408 2074 adeptus
429 1995 671 2075 possessionem
695 1993 842 2058 amiserit
864 2012 948 2070 eam,
970 1990 1034 2054 hoc
1055 1988 1265 2054 interdictum
1288 1987 1319 2052 ei

170 2094 286 2158 inutile
306 2104 367 2160 est.
412 2096 623 2161 interdictum
643 2118 785 2181 quoque,
799 2096 888 2179 quod
909 2092 1096 2178 appellatur
1116 2091 1319 2169 Saluianum,

169 2326 203 2380 cf.
228 2325 316 2381 Gaius
338 2326 372 2382 iv.
397 2328 455 2381 162.
492 2327 605 2384 Certain
623 2326 745 2383 services
762 2327 846 2382 could
864 2327 900 2381 be
919 2326 1022 2396 legally
1039 2324 1161 2380 claimed
1179 2324 1252 2378 from
1271 2324 1320 2379 the

170 2408 286 2464 libertus
303 2410 342 2479 by
360 2409 405 2465 his
423 2420 524 2480 patron
536 2409 562 2464 if
575 2411 643 2480 they
661 2411 719 2466 had
737 2410 810 2465 been
829 2409 973 2480 promised
991 2408 1082 2464 under
1100 2409 1189 2474 oath3
1207 2424 1256 2462 see
1272 2423 1320 2476 pp.

171 2505 231 2560 371,
245 2493 296 2560 388
309 2509 384 2562 supr.
421 2493 485 2549 The
502 2492 634 2550 interdict
653 2492 677 2548 is
695 2503 745 2548 not
761 2492 927 2549 mentioned
939 2493 1092 2547 elsewhere
1105 2490 1134 2546 in
1147 2491 1196 2546 the
1210 2490 1320 2560 Corpus

170 2593 246 2633 runs.

208 2661 265 2713 For
276 2660 325 2715 the
337 2661 439 2729 pateds
452 2658 527 2730 right
539 2671 570 2716 to
582 2660 695 2716 ent'orce
708 2658 875 2731 production
886 2658 919 2714 ol
927 2657 1054 2714 children
1067 2656 1096 2712 in
1108 2655 1153 2711 his
1165 2673 1260 2726 power
1271 2672 1321 2712 see

172 2742 237 2811 Dig.
251 2757 293 2811 43.
309 2758 362 2811 303
380 2743 428 2797 the
447 2744 567 2798 formula
585 2745 618 2799 oi
633 2745 681 2800 the
700 2744 832 2800 interdict
851 2761 903 2799 ran
922 2743 985 2814 ‘qui
1004 2759 1112 2814 quaeve
1132 2740 1160 2795 in
1179 2749 1321 2810 potestate

171 2825 238 2880 Titii
257 2835 309 2894 est,
322 2825 346 2881 si
365 2825 390 2880 is
408 2844 478 2882 eave
496 2826 572 2898 apud
590 2837 619 2883 te
638 2838 681 2884 est
700 2828 802 2884 dolove
820 2829 896 2883 malo
914 2837 964 2883 tuo
982 2826 1089 2882 sactum
1107 2835 1150 2881 est
1169 2823 1321 2895 quominus

171 2909 248 2978 apud
260 2920 288 2964 te
301 2919 384 2977 esset,
398 2908 438 2965 ita
450 2926 516 2964 eum
528 2926 628 2966 eamve
641 2910 793 2967 exhibeas)

208 2993 296 3048 Gaius
319 2991 367 3062 (iv.
390 2994 451 3060 140)
473 3011 539 3063 says
558 2995 620 3050 that
640 2994 738 3051 orders
759 2992 906 3065 enjoining
925 2993 1085 3050 restitution
1103 3010 1136 3047 or
1152 2990 1321 3063 production

172 3076 244 3132 w'ere
257 3086 306 3130 not
320 3076 492 3147 improperly
504 3077 595 3132 called
611 3078 726 3134 decreta
739 3096 746 3146 3
764 3078 800 3134 cl.
814 3079 862 3134 the
875 3079 919 3132 lex
932 3078 968 3134 de
982 3078 1056 3133 Gall.
1068 3075 1166 3147 cisalp.
1178 3075 1322 3142 decernet,

172 3158 365 3215 interdicetve.
403 3161 460 3214 For
473 3159 640 3216 interdicere
653 3160 682 3215 in
695 3163 744 3217 the
761 3178 844 3216 sense
857 3161 890 3216 ol
905 3161 1052 3231 ‘ordering
1062 3163 1069 3191 ’
1080 3160 1116 3215 cf.
1130 3159 1175 3214 ‘ut
1188 3157 1323 3226 navigare

171 3243 275 3298 liceat.
290 3283 315 3298 ..
330 3241 512 3298 interdicam’
526 3243 592 3313 Dig.
605 3259 649 3312 43.
666 3259 704 3312 14
722 3260 742 3299 1.
755 3261 797 3314 pr.
832 3243 997 3315 Justinian’s
1015 3243 1173 3300 derivation
1190 3242 1223 3296 ol
1237 3241 1322 3297 inter·

173 3326 279 3381 dictum
289 3325 313 3381 is
323 3326 500 3397 reproduced
512 3327 551 3397 by
560 3327 745 3399 Theophilus,
757 3328 912 3397 lmpdr'rrov
925 3371 931 3385 .
947 3370 953 3383 .
967 3369 974 3384 .
987 3328 1060 3384 ὅστὶν
1072 3325 1160 3395 ὁμιλία
1172 3327 1323 3395 Πραίτωροσ

171 3409 268 3477 μεταξὺ
286 3408 332 3464 dio
350 3415 433 3479 τινῶν,
452 3410 510 3465 and
527 3411 655 3481 possibly
670 3410 695 3466 is
712 3412 866 3482 supported
883 3411 922 3481 by
935 3411 1002 3481 Dig.
1014 3425 1057 3479 45
1072 3427 1113 3466 ao
1132 3426 1152 3464 1.
1167 3425 1202 3479 29
1220 3409 1322 3466 ‘inter-

172 3493 336 3549 trimentum
354 3494 391 3549 ab
409 3511 453 3561 eo,
466 3495 542 3565 quod
557 3494 615 3550 duo
627 3511 701 3565 quae
714 3495 786 3550 inter
799 3511 830 3550 se
843 3494 909 3550 trita
921 3506 949 3550 et
962 3495 1116 3552 deminuta.
1130 3532 1137 3548 .
1150 3492 1167 3550 .'
1189 3493 1323 3549 Isidorus'

173 3577 336 3647 etymology
354 3576 378 3633 is
396 3576 535 3646 different,
550 3576 749 3633 ‘interdictum
762 3588 815 3648 est,
827 3578 895 3648 quia
904 3579 942 3633 ad
955 3587 1067 3647 tempus
1080 3576 1193 3634 interim
1205 3577 1323 3633 dicitur'

173 3678 242 3729 ong.
259 3673 282 3729 5.
297 3673 337 3729 25.

210 3742 266 3813 §a
287 3743 356 3799 This
369 3743 404 3798 of
417 3760 516 3800 course
536 3742 559 3799 is
578 3762 596 3799 a
615 3743 736 3800 division
755 3746 822 3815 only
840 3744 873 3799 ol
889 3747 1060 3813 Possessory
1072 3743 1239 3811 interdiets3
1258 3742 1279 3798 it
1298 3742 1322 3798 is

174 3827 329 3898 ‘sequens’
345 3844 378 3881 or
394 3826 597 3893 subordinate;
615 3829 676 3883 that
695 3827 755 3883 into
773 3826 966 3899 prohibitoria,
985 3836 1048 3895 etc,
1067 3826 1092 3883 is
1111 3826 1253 3883 ‘summa’
1266 3827 1292 3894 (h
1310 3842 1321 3882 1

174 3909 262 3979 supr.)
276 3927 308 3964 or
321 3910 513 3980 ‘principalis’
526 3911 627 3980 (Gaius
640 3911 675 3967 iv.
689 3912 761 3982 142).

210 3992 265 4063 §a
294 3994 357 4049 The
379 3995 499 4049 formula
522 3995 556 4048 os
575 4012 695 4066 quorum
720 3995 859 4049 bonorum
884 3994 908 4049 is
939 3993 1023 4063 given
1055 3993 1083 4049 in
1107 3993 1172 4063 Dig.
1193 4008 1236 4062 43.
1259 4009 1282 4048 2.
1309 4009 1320 4049 1

174 4080 309 4150 ‘quorum
322 4079 460 4134 bonorum
473 4097 507 4134 ex
517 4079 611 4135 edicto
621 4097 686 4135 meo
694 4079 733 4133 illi
746 4079 890 4149 possessio
903 4079 971 4133 data
983 4088 1035 4146 est,
1048 4078 1125 4149 quod
1135 4078 1170 4132 de
1184 4078 1228 4132 his
1240 4077 1324 4133 bonis

174 4179 225 4233 pro
240 4161 345 4217 herede
363 4172 412 4217 aut
430 4179 482 4232 pro
496 4180 660 4233 possessore
672 4162 812 4234 possides,
825 4161 1023 4232 possideresve
1036 4161 1060 4216 si
1073 4160 1143 4216 nihil
1156 4170 1325 4229 usucaptum

175 4256 259 4314 esset,
272 4245 406 4318 quodque
418 4245 485 4301 dolo
497 4247 574 4303 malo
591 4247 682 4303 fecisti
695 4246 735 4302 uti
753 4245 897 4302 desineres
915 4245 1070 4317 possidere,
1083 4245 1113 4300 id
1125 4243 1164 4299 illi
1177 4242 1326 4299 restituas!

175 4332 244 4383 Two
263 4329 349 4383 views
369 4346 418 4384 are
436 4328 502 4384 held
521 4347 553 4385 as
572 4339 602 4385 to
621 4329 657 4385 its
675 4339 775 4385 nature
790 4349 797 4393 ;
816 4329 942 4399 Savigny
954 4328 1107 4384 maintains
1125 4329 1186 4383 that
1204 4326 1224 4382 it
1238 4343 1295 4380 was
1307 4342 1326 4381 a

175 4411 320 4468 definitive
338 4412 455 4482 remedy
467 4412 506 4483 by
518 4412 611 4469 which
630 4415 678 4469 the
696 4413 836 4468 bonorum
855 4429 1004 4484 possessor
1021 4411 1157 4469 obtained
1175 4429 1193 4468 a
1208 4408 1326 4482 judicia!

175 4498 350 4570 recognition
368 4500 401 4557 os
415 4499 459 4557 his
477 4499 538 4558 title
556 4517 588 4558 as
607 4497 768 4574 praetoriae
786 4501 856 4573 heir,
869 4501 952 4560 while
970 4510 1045 4559 most
1063 4502 1146 4558 other
1163 4498 1270 4555 writers
1287 4513 1326 4555 on

721 4596 785 4671 Qq
