2986 5048
1023 196 1042 228 Ο

114 345 214 413 nep]
276 345 338 400 DE
358 343 558 400 SENATUS
580 343 796 426 CONSULTO
822 343 1130 403 TERTULLIANO.
1197 349 1262 422 353

113 509 344 574 abstrahentes
367 511 464 574 certis
488 508 643 592 legitimis
665 509 791 573 dabant
813 511 969 592 personis,
994 511 1027 574 in
1053 510 1125 575 aliis
1150 520 1263 575 autem

113 613 314 677 contrarium
341 612 526 677 faciebant:
549 612 645 675 nobis
666 613 774 677 visum
797 623 847 677 est
871 623 960 678 recta
985 623 1018 677 et
1043 613 1184 696 simplici
1209 614 1263 677 via

113 723 255 778 matrem
284 716 438 780 omnibus
474 715 630 798 legitimis
665 717 813 799 personis
841 718 1000 798 anteponi
1030 726 1063 781 et
1096 718 1167 781 sine
1196 716 1264 779 ulla

113 819 341 883 deminutione
362 818 504 883 filiorum
527 839 660 883 suorum
682 821 923 884 successionem
946 821 1106 903 accipere,
1121 829 1264 902 excepta

112 922 222 986 fratris
248 930 282 986 et
312 923 431 988 sororis
460 942 610 1005 persona,
637 922 706 985 sive
735 924 969 1005 consanguinei
999 925 1065 987 sint
1094 924 1162 986 sive
1192 923 1264 985 sola

115 1026 322 1107 cognationis
347 1028 416 1089 iura
438 1025 608 1101 habentes,
632 1035 669 1090 ut
693 1027 974 1108 quemadmodum
999 1047 1074 1090 eam
1100 1036 1173 1091 toto
1196 1026 1263 1091 alio

115 1130 221 1193 ordini
248 1128 398 1212 legitimo
419 1131 678 1212 praeposuimus,
710 1130 755 1193 ita
781 1148 910 1194 omnes·
925 1131 1041 1194 fratres
1067 1140 1100 1194 et
1126 1151 1262 1205 sorores,

112 1233 182 1296 sive
207 1233 347 1315 legitimi
377 1235 445 1298 sint
471 1235 539 1298 sive
566 1254 641 1308 non,
666 1233 710 1297 ad
737 1235 913 1316 capiendas
938 1234 1138 1298 hereditates
1164 1233 1263 1298 simul

111 1356 279 1411 vocemus,
295 1338 341 1400 ita
364 1345 477 1400 tamen
497 1346 543 1415 ut,
562 1337 589 1400 si
611 1336 746 1419 quidem
769 1336 858 1400 solae
880 1358 1007 1402 sorores
1029 1347 1192 1419 cognatae
1210 1338 1263 1402 vel

112 1441 280 1522 adgnatae
296 1450 330 1505 et
349 1450 455 1505 mater
470 1440 615 1505 defuncti
631 1438 683 1503 vel
704 1440 878 1504 defunctae
901 1442 1075 1523 supersint,
1090 1441 1263 1504 dimidiam

111 1545 246 1627 quidem
272 1555 385 1622 mater,
400 1545 538 1609 alteram
560 1565 639 1608 vero
661 1545 833 1608 dimidiam
854 1555 983 1628 partem
1002 1566 1118 1609 omnes
1135 1567 1263 1610 sorores

112 1648 269 1727 habeant,
288 1651 315 1713 si
332 1670 410 1713 vero
434 1659 540 1713 matre
561 1650 739 1732 superstite
761 1660 794 1713 et
816 1649 917 1713 fratre
936 1650 989 1713 vel
1011 1649 1164 1713 fratribus
1185 1649 1264 1714 solis

111 1750 165 1815 vel
188 1753 289 1815 etiam
313 1772 388 1816 cum
410 1753 577 1817 sororibus
600 1753 669 1815 sive
692 1752 840 1834 legitima
863 1753 932 1816 sive
961 1751 1031 1816 sola
1057 1753 1263 1835 cognationis

112 1856 182 1918 iura
198 1855 395 1920 habentibus
410 1857 586 1922 intestatus
600 1857 674 1940 quis
684 1855 737 1920 vel
753 1858 910 1922 intestata
926 1858 1092 1935 moriatur,
1104 1857 1137 1919 in
1153 1858 1263 1939 capita

111 1959 327 2023 distribuatur
339 1961 408 2023 eius
423 1960 600 2026 hereditas.
646 1959 715 2025 Sed
731 1960 1013 2044 quemadmodum
1027 1982 1087 2025 nos
1102 1961 1293 2025 matribusfi

112 2063 354 2144 prospeximus,
377 2065 424 2129 ita
446 2084 502 2128 eas
524 2073 656 2146 oportet
679 2084 758 2127 suae
783 2064 890 2148 suboli
914 2064 1102 2128 consulere:
1133 2046 1263 2129 scituris

114 2167 172 2239 eis,
193 2167 291 2248 quod,
307 2169 334 2230 si
355 2177 481 2232 tutores
502 2168 613 2231 liberis
633 2188 699 2230 non
719 2168 875 2250 petierint
889 2168 943 2232 vel
965 2170 998 2231 in
1019 2167 1128 2233 locum
1144 2169 1262 2234 remoti

110 2266 164 2332 vel
189 2270 336 2333 excusati
362 2271 447 2334 intra
472 2291 596 2335 annum
618 2278 732 2354 petere
756 2271 970 2353 neglexerint,
993 2270 1037 2334 ab
1062 2291 1174 2334 eomm
1202 2272 1262 2334 im·

111 2371 275 2455 puberum
302 2374 512 2437 morientium
531 2375 737 2438 successione
760 2376 877 2437 merito
900 2373 1110 2454 repellentur.
1165 2374 1293 2439 Licet?

111 2485 224 2539 autem
246 2477 346 2559 vulgo
371 2479 538 2560 quaesitus
565 2480 608 2543 sit
630 2478 716 2541 filius
739 2478 855 2553 filiave,
879 2488 990 2560 potest
1014 2479 1057 2542 ad
1082 2479 1170 2542 bona
1192 2479 1261 2542 eius

113 2588 222 2642 mater
236 2600 281 2643 ex
296 2580 502 2645 Tertulliano
518 2591 652 2645 senatus
667 2581 820 2645 consulto
834 2582 977 2644 admitti.

111 2824 188 2882 tions
200 2826 285 2881 made
298 2825 326 2881 in
338 2826 438 2882 favour
454 2827 487 2882 ot'
495 2827 602 2883 certain
619 2829 700 2883 other
712 2827 846 2884 relations
859 2827 950 2883 which
964 2845 1012 2884 are
1029 2827 1143 2883 noticed
1156 2845 1193 2882 on
1207 2830 1221 2896 ὁ
1237 2843 1261 2897 3,

111 2909 171 2963 and
183 2910 325 2978 preferred
337 2910 386 2965 the
404 2911 516 2965 mother
532 2921 562 2965 to
576 2911 613 2965 all
626 2912 708 2966 other
720 2911 850 2981 legitimi,
863 2922 963 2983 except
981 2913 1042 2967 that
1059 2913 1188 2967 brothers
1204 2911 1262 2966 and

112 2990 211 3046 sisters
229 2993 333 3048 shared
351 2994 399 3048 the
419 2992 593 3049 inheritance
606 2993 672 3048 with
692 2995 761 3061 her,
780 2995 804 3048 if
819 2996 898 3050 there
910 3013 983 3050 were
997 2995 1127 3049 brothers
1142 2996 1216 3064 only,
1230 3011 1262 3049 or

110 3075 242 3130 brothers
261 3075 319 3130 and
343 3075 449 3143 sisters,
470 3075 491 3130 it
513 3093 570 3130 was
593 3075 707 3131 divided
729 3076 758 3131 in
780 3077 875 3148 capita
892 3079 1020 3133 between
1039 3078 1117 3132 them
1136 3077 1194 3132 and
1213 3078 1261 3131 the

110 3158 238 3223 mother;
256 3157 281 3212 if
289 3157 385 3213 sisters
405 3159 479 3227 only,
492 3159 560 3228 they
572 3160 702 3228 together
719 3161 777 3214 and
794 3162 841 3215 the
860 3162 972 3216 mother
988 3161 1056 3215 took
1075 3160 1103 3215 in
1122 3160 1261 3215 moieties.

111 3242 155 3310 By
170 3242 242 3297 Nov.
254 3256 296 3297 22.
309 3254 343 3309 47
356 3241 496 3312 Justinian
509 3241 630 3297 enacted
642 3243 704 3297 that
716 3259 788 3298 even
801 3245 893 3300 where
906 3246 985 3300 there
998 3262 1071 3300 were
1084 3244 1180 3298 sisters
1193 3245 1261 3312 only

110 3324 160 3379 the
173 3324 294 3380 division
307 3326 410 3380 should
421 3324 458 3380 be
471 3325 500 3380 in
513 3324 616 3395 capita.

147 3405 161 3477 §
175 3411 202 3462 θ.
224 3407 294 3463 This
306 3409 365 3464 rufe
378 3407 536 3478 originated
549 3408 577 3462 in
591 3425 627 3463 an
640 3408 761 3479 epistola
774 3408 807 3463 of
816 3410 971 3480 Septimius
982 3410 1112 3479 Severus,
1122 3418 1218 3465 extant
1231 3408 1260 3463 in

110 3489 177 3560 Dig.
192 3491 233 3545 ad
247 3492 272 3546 6.
286 3507 311 3546 2.
324 3506 349 3546 2.

66 3575 68 3579 '
145 3577 205 3629 tut
218 3577 274 3629 Π.
296 3573 396 3631 Under
408 3575 456 3630 the
469 3574 522 3630 law
534 3574 567 3629 οἰ
575 3575 623 3629 the
636 3575 749 3629 Twelve
759 3573 863 3628 Tables
876 3575 925 3628 the
938 3574 1064 3629 children
1078 3573 1111 3629 of
1119 3590 1137 3628 a
1150 3590 1260 3628 woman

109 3657 174 3711 who
195 3657 262 3713 died
278 3656 410 3713 intestate
431 3658 490 3712 had
506 3674 544 3712 no
563 3657 647 3711 claim
668 3668 698 3712 to
717 3657 838 3712 suceeed
855 3656 907 3711 her
924 3657 1084 3722 whatever;
1102 3657 1170 3725 they
1189 3674 1261 3711 were

108 3740 221 3795 neither
239 3740 282 3795 sui
300 3757 353 3794 nor
370 3741 422 3795 her
439 3752 557 3809 agnates
578 3740 684 3809 (unless
704 3740 807 3795 indeed
826 3739 877 3794 she
891 3756 947 3794 was
966 3739 994 3794 in
1013 3756 1099 3794 manu
1113 3738 1216 3807 mariti,
1229 3739 1259 3793 in

108 3824 201 3879 which
220 3840 287 3879 case
307 3824 359 3878 she
380 3823 464 3878 could
481 3824 561 3878 leave
578 3840 616 3876 no
636 3835 768 3894 property
787 3834 816 3877 to
838 3821 963 3891 inherit).
998 3823 1059 3877 The
1079 3831 1192 3892 praetor
1209 3820 1261 3875 ad·

109 3906 211 3961 mitted
223 3906 302 3962 them
315 3917 344 3961 to
356 3906 496 3961 bonorum
512 3906 656 3977 possessio
669 3906 697 3960 in
716 3908 764 3961 the
777 3906 852 3961 third
870 3904 1044 3976 (practically
1058 3903 1175 3970 second)
1189 3903 1261 3957 rank

108 3989 185 4057 only,
204 3989 378 4060 postponiug
396 3990 473 4044 them
492 3998 522 4044 to
540 3989 613 4044 their
631 3990 763 4043 mothe1³s
783 3999 909 4058 agnates,
923 3989 1012 4043 Gaius
1026 3987 1054 4042 ii.
1067 4002 1122 4057 305
1141 3986 1188 4041 the
1205 3985 1261 4040 SC.

109 4072 289 4141 Orfitianum,
302 4085 363 4143 Aa).
380 4073 428 4139 178
442 4071 461 4139 (‘
469 4071 605 4127 Antonini
618 4080 646 4126 et
661 4072 810 4127 Commodi
824 4072 966 4127 oratione'
981 4071 1096 4142 Ulpian,
1107 4086 1165 4139 reg.
1178 4068 1219 4123 26.
1234 4082 1260 4136 7,

107 4155 145 4212 cf.
159 4155 336 4228 Capitolinus
350 4157 438 4209 Marc
456 4156 508 4223 ιι),
524 4171 595 4224 gave
614 4155 693 4209 them
705 4172 723 4210 a
735 4165 874 4223 statutory
886 4155 946 4210 title
963 4155 992 4209 in
1006 4155 1168 4226 preference
1180 4162 1210 4206 to
1223 4151 1261 4205 all

107 4249 228 4308 agnates
248 4239 376 4310 (Ulpian,
389 4239 442 4292 loc.
455 4237 522 4306 cit),
535 4237 694 4307 admitting,
707 4239 845 4307 however,
863 4239 911 4292 the
930 4239 1062 4292 woman’s
1078 4246 1223 4307 patronus,
1241 4233 1266 4287 if

107 4321 162 4378 she
174 4338 247 4376 were
264 4320 373 4390 liberta,
386 4331 416 4376 to
428 4337 446 4376 a
459 4321 542 4377 share
559 4321 720 4393 equivalent
733 4332 763 4376 to
775 4323 837 4377 that
854 4321 939 4377 taken
957 4320 995 4391 by
1007 4320 1078 4376 each
1096 4317 1181 4388 child,
1195 4316 1261 4388 Dig.

109 4404 153 4476 3&
170 4417 211 4472 17.
226 4418 247 4460 1.
261 4418 286 4475 n

656 4541 718 4593 Aa
