2986 5048
163 335 279 401 'lit-rn]
353 333 510 405 QUIBUS
530 333 625 390 NON
642 332 726 388 EST
745 332 1008 401 PERMISSUM,
1030 332 1090 387 ET
1090 330 1122 387 C.
1255 341 1318 407 243

165 498 245 561 dam
269 498 363 582 quasi
394 498 572 564 castrensia
598 498 762 562 dederunt
792 498 930 581 peculia,
953 516 1095 580 quorum
1116 497 1316 580 quibusdam
1353 486 1360 493 ’

165 603 363 686 permissum
379 612 450 667 erat
469 604 571 668 etiam
594 603 627 666 in
648 610 817 686 potestate
840 602 1039 686 degentibus
1059 602 1183 666 testari.
1228 603 1318 685 quod

166 715 279 770 nostra
304 706 498 771 constitutio
521 705 620 771 latius
643 707 829 770 extendens
852 706 1001 789 permisit
1027 704 1182 769 omnibus
1210 704 1243 768 in
1266 705 1319 768 his

166 810 402 873 tantummodo
418 808 554 891 peculiis
570 809 684 873 testari
699 809 845 892 quidem,
856 810 914 873 sed
932 809 1000 873 iure
1015 808 1202 873 communi:
1226 809 1320 872 cuius

166 911 412 977 constitutionis
428 923 542 977 tenore
564 921 737 995 perspecto
760 911 892 977 licentia
918 922 969 978 est
994 911 1075 976 nihil
1100 931 1319 995 eorumquae

166 1016 210 1079 ad
226 1015 413 1099 praelatum
429 1016 479 1079 ius
495 1016 662 1098 pertinent
677 1015 837 1097 ignorare.

1302 1118 1336 1168 af

704 1247 786 1312 XII.

235 1424 372 1488 QUIBUS
395 1424 473 1475 NON
492 1423 560 1475 EST
583 1423 800 1475 PERMISSUM
825 1423 1076 1475 TESTAMENTA
1099 1425 1254 1476 FACERE.

215 1573 293 1637 Non
309 1582 422 1639 tamen
437 1574 591 1657 omnibus
606 1572 683 1637 licet
701 1571 808 1636 lacere
822 1579 1070 1638 testamentum.
1102 1574 1215 1638 statim
1232 1573 1320 1637 enim

170 1675 214 1754 hi,
238 1679 294 1759 qui
319 1678 428 1742 alieno
452 1678 512 1740 iuri
536 1676 675 1741 subiecti
699 1685 785 1751 sunt,
807 1677 998 1740 testamenti
1021 1677 1162 1742 laciendi
1182 1678 1233 1741 ius
1253 1697 1320 1741 non

170 1777 305 1858 habent,
328 1783 413 1845 adeo
436 1781 572 1863 quidem
596 1788 641 1853 ut,
667 1779 818 1862 quamvis
848 1788 1002 1860 parentes
1031 1781 1079 1845 eis
1105 1780 1322 1863 permiserint,

172 1884 276 1949 nihilo
300 1887 405 1969 magis
435 1886 504 1948 iure
534 1884 647 1948 testari
680 1884 825 1966 possint:
860 1886 1012 1966 exceptis
1037 1885 1089 1949 his
1109 1906 1194 1968 quos
1218 1893 1318 1948 antea

173 1989 436 2052 enumeravimus
455 1997 488 2052 et
506 1988 681 2070 praecipue
704 1986 863 2052 militibus
882 1989 939 2070 qui
959 1988 992 2050 in
1013 1998 1180 2072 potestate
1202 2009 1320 2072 paren-

172 2102 245 2156 tum
260 2102 346 2171 sunt,
360 2092 480 2174 quibus
495 2093 538 2156 de
553 2112 593 2156 eo
608 2092 698 2175 quod
715 2092 747 2155 in
764 2091 879 2156 castris
894 2092 1109 2175 adquisierint
1125 2094 1321 2175 permissum

173 2205 284 2262 estex
299 2196 588 2262 constitutionibus
608 2196 795 2279 principum
813 2204 1052 2260 testamentum
1070 2196 1186 2262 lacere.
1230 2197 1321 2280 quod

173 2301 309 2384 quidem
324 2301 418 2364 initio
433 2310 562 2365 tantum
587 2299 806 2364 militantibus
827 2301 945 2364 datum
968 2310 1018 2366 est
1034 2311 1105 2365 tam
1121 2323 1165 2365 ex
1181 2302 1322 2365 auctori·

174 2413 245 2468 tate
262 2406 328 2469 divi
351 2403 499 2487 Augusti
521 2425 624 2487 quam
647 2404 778 2467 Nervae
802 2423 862 2467 nec
886 2424 952 2468 non
975 2406 1093 2488 optimi
1116 2406 1323 2488 imperatoris

174 2508 318 2588 Traiani,
327 2519 443 2593 postea
457 2529 534 2574 vero
549 2508 791 2591 subscriptione
807 2508 874 2571 divi
891 2508 1053 2573 Hadriani
1071 2511 1170 2575 etiam
1181 2510 1325 2574 dimissis

177 2612 302 2685 militia,
329 2612 363 2675 id
390 2622 440 2677 est
466 2613 639 2687 veteranis,
667 2631 859 2675 concessum
886 2622 945 2678 est.
1000 2614 1113 2696 itaque
1139 2614 1325 2695 siquidem

176 2714 313 2779 fecerint
334 2717 377 2780 de
396 2716 556 2780 castrensi
579 2714 708 2797 peculio
730 2723 978 2791 testamentum,
1002 2715 1179 2797 pertinebit
1202 2714 1264 2779 hoc
1281 2717 1326 2779 ad

178 2839 254 2883 eum
273 2840 374 2903 quem
396 2820 552 2884 heredem
576 2818 784 2902 reliquerint:
812 2820 935 2882 sivero
958 2821 1105 2883 intestati
1128 2821 1328 2884 decesserint

178 2923 276 2987 nullis
302 2923 412 2988 liberis
435 2924 488 2989 vel
514 2923 669 2987 fratribus
693 2923 932 3006 superstitibus,
957 2923 1001 2987 ad
1029 2933 1182 3007 parentes
1212 2944 1326 2988 eorum

178 3022 247 3090 iure
263 3028 431 3091 communi
448 3027 635 3111 pertinebit.
681 3047 725 3090 ex
745 3027 808 3091 hoc
826 3025 1016 3110 intellegere
1037 3047 1221 3109 possumus,
1235 3029 1333 3112 quod

178 3130 342 3194 incastris
359 3130 553 3214 adquisierit
575 3129 679 3205 miles,
703 3132 759 3214 qui
781 3132 818 3205 jn
840 3139 1007 3214 potestate
1027 3132 1130 3213 patris
1146 3140 1205 3210 est,
1221 3151 1328 3213 neque

178 3234 287 3317 ipsum
300 3243 430 3317 patrem
442 3236 587 3298 adimere
604 3254 701 3316 posse
717 3254 824 3319 neque
839 3235 941 3317 patris
953 3235 1130 3299 creditores
1141 3236 1174 3299 id
1187 3236 1329 3300 vendere

178 3335 232 3400 vel
256 3337 352 3402 aliter
374 3339 559 3420 inquietare
582 3358 689 3422 neque
711 3349 806 3421 patre
827 3349 958 3403 mortuo
982 3359 1058 3403 curn
1083 3336 1235 3421 iratribus
1258 3359 1330 3403 esse

179 3460 364 3520 commune,
385 3442 444 3506 sed
465 3441 589 3507 scilicet
611 3443 779 3525 proprium
803 3443 873 3506 eius
895 3463 966 3506 esse
988 3443 1022 3507 id
1044 3444 1134 3525 quod
1158 3443 1191 3506 in
1215 3443 1330 3507 castris

179 3546 379 3627 adquisierit,
402 3566 606 3629 quamquam
638 3547 707 3609 iure
741 3546 827 3611 civili
852 3548 1001 3610 omnium
1027 3548 1084 3631 qui
1107 3547 1141 3610 in
1163 3555 1331 3629 potestate

180 3660 354 3731 parentum
369 3660 447 3714 sunt
462 3649 591 3731 peculia
608 3650 745 3732 perinde
768 3651 802 3713 in
827 3651 924 3714 bonis
942 3660 1117 3733 parentum
1135 3659 1331 3732 computan-

180 3759 243 3825 tur,
263 3754 330 3818 acsi
351 3773 519 3817 servorum
538 3753 667 3835 peculia
689 3755 722 3816 in
743 3754 840 3818 bonis
862 3755 1072 3819 dominorum
1096 3763 1330 3819 numerantur:

182 3858 332 3940 exceptis
345 3857 499 3922 videlicet
513 3857 574 3934 his,
590 3879 676 3941 quae
701 3879 745 3923 ex
766 3859 866 3922 sacris
881 3859 1171 3924 constitutionibus
1187 3869 1220 3923 et
1236 3879 1333 3941 praeb

182 3962 278 4044 cipue
290 3963 409 4026 nostris
423 3970 557 4044 propter
571 3962 716 4026 diversas
732 3983 848 4026 causas
865 3983 930 4026 non
946 3964 1172 4045 adquiruntur.
1202 3972 1334 4045 praeter

182 4064 242 4128 hos
258 4065 367 4146 igitur,
382 4065 438 4146 qui
456 4074 621 4128 castrense
643 4064 808 4146 peculium
829 4065 882 4129 vel
902 4067 997 4147 quasi
1016 4075 1181 4129 castrense
1196 4064 1331 4141 habent,

182 4169 293 4251 siquis
307 4167 391 4231 alius
407 4166 494 4230 filius
509 4166 649 4231 familias
665 4178 902 4233 testamentum
917 4168 1039 4246 lecerit,
1055 4168 1170 4232 inutile
1185 4177 1244 4248 est,
1256 4170 1333 4235 licet

218 4374 280 4428 un.
290 4374 366 4430 m
386 4373 426 4427 So
438 4372 481 4428 lar
493 4389 525 4427 as
533 4373 734 4429 commercium
747 4372 771 4426 is
784 4390 820 4428 an
833 4374 956 4429 clement
969 4372 998 4428 in
1010 4373 1059 4428 the
1071 4371 1201 4443 capacity
1208 4385 1238 4429 to
1248 4376 1333 4434 make

185 4454 291 4511 avalid
303 4455 358 4512 will
378 4456 551 4526 (testamenti
569 4456 656 4514 factio
674 4456 778 4526 activa)
796 4456 817 4514 it
835 4473 893 4514 was
912 4458 1023 4532 (except
1042 4455 1072 4513 in
1086 4458 1136 4517 the
1151 4473 1219 4521 case
1237 4459 1271 4517 ol
1284 4460 1335 4525 the

727 4558 787 4612 Ra
