2986 5048
240 337 306 409 500
446 327 795 387 INSTITUTIONUM
812 325 930 382 LIBRI
949 325 1068 399 QUAT
1068 325 1096 380 Τ
1097 325 1184 382 UOR.
1271 325 1336 392 [Lib.
1349 330 1394 380 tv.

241 497 362 562 festum
390 506 427 562 et
457 517 517 562 nec
547 495 769 560 manifestum.
822 514 900 558 nam
936 503 1134 578 conceptum
1170 501 1205 559 et
1240 493 1392 559 oblatum

241 603 369 686 species
392 602 502 684 potius
528 601 667 665 actionis
690 608 767 663 sunt
795 598 881 662 furto
905 598 1118 664 cohaerentes
1142 620 1242 680 quarn
1268 617 1393 680 genera

242 704 412 780 furtorum,
431 704 516 768 sicut
537 703 669 767 inferius
689 702 871 786 apparebit.
916 702 1110 769 manifestus
1136 702 1187 766 fur
1210 711 1270 781 est,
1287 721 1391 783 quem

243 807 360 873 Graeci
391 805 434 871 ἐπ’
465 807 627 892 αὐτοφώρῳ
657 806 847 890 appellant:
882 826 942 871 nec
972 805 1079 870 solum
1111 807 1139 870 is
1167 806 1224 889 qui
1255 807 1288 869 in
1319 806 1392 889 ipso
1428 891 1431 895 ,

241 911 329 975 furto
351 910 616 994 deprehenditur,
639 910 696 974 sed
720 911 821 974 etiam
843 909 871 973 is
893 910 949 992 qui
971 930 1012 974 eo
1031 909 1103 975 loco
1123 908 1392 993 deprehenditur,

240 1036 308 1098 quo
329 1015 374 1094 fit,
389 1016 491 1080 veluti
513 1015 569 1098 qui
592 1016 625 1078 in
644 1015 745 1078 domo
767 1014 890 1089 furtum
914 1013 990 1078 iecit
1013 1023 1047 1078 et
1070 1014 1218 1077 nondum
1240 1032 1402 1096 egressus·

241 1118 373 1181 ianuam
396 1117 618 1201 deprehensus
637 1117 744 1196 fuerit,
760 1126 794 1181 et
816 1117 871 1199 qui
895 1118 928 1180 in
951 1116 1072 1181 oliveto
1095 1117 1255 1180 olivarum
1279 1127 1337 1182 aut
1358 1117 1391 1180 in

240 1221 352 1286 vineto
378 1242 515 1285 uvarum
544 1221 667 1286 furtum
697 1220 784 1298 fecit,
809 1221 969 1302 quamdiu
995 1222 1027 1284 in
1055 1241 1095 1285 eo
1122 1219 1245 1284 oliveto
1272 1229 1330 1284 aut
1357 1221 1389 1283 in

241 1327 353 1388 vineto
367 1325 419 1388 fur
433 1323 657 1407 deprehensus
672 1324 734 1388 sit:
757 1324 860 1387 immo
876 1324 1012 1388 ulterius
1032 1324 1155 1387 furtum
1177 1323 1391 1388 manifestum

241 1429 491 1493 extendendum
521 1439 580 1504 est,
607 1429 767 1511 quamdiu
793 1449 867 1491 eam
898 1449 967 1492 rem
997 1428 1049 1491 fur
1078 1438 1194 1491 tenens
1219 1428 1308 1491 visus
1337 1427 1392 1491 vel

241 1530 464 1613 deprehensus
479 1529 660 1595 fuerit'sive
674 1531 706 1594 in
723 1531 855 1615 publico
871 1533 939 1596 sive
957 1533 990 1594 in
1007 1532 1134 1615 privato
1148 1531 1201 1594 vel
1217 1553 1237 1595 a
1252 1531 1391 1595 domino

240 1633 292 1698 vel
308 1635 351 1697 ab
366 1634 441 1710 alio,
458 1645 635 1718 antequam
655 1656 695 1698 eo
715 1635 906 1718 perveniret,
921 1657 987 1718 quo
1004 1635 1146 1717 perferre
1164 1654 1203 1698 ac
1222 1634 1392 1716 deponere

241 1739 1390 1823 mmmmmsfflssmfflwwfflwmmfflm·

240 1841 462 1925 prehendatur
490 1862 565 1907 cum
592 1863 626 1906 re
656 1842 784 1918 furtiva,
809 1864 876 1907 non
904 1854 953 1908 est
986 1841 1181 1906 manifestus
1211 1843 1271 1906 sur.
1327 1862 1389 1907 nec

240 1945 451 2010 manifestum
466 1946 588 2011 furtum
603 1946 683 2028 quid
704 1948 757 2022 sit,
774 1968 818 2010 ex
838 1947 889 2011 his
903 1968 990 2030 quae
1005 1947 1154 2010 diximus
1170 1944 1389 2028 intellegitur:

240 2069 318 2112 nam
345 2050 433 2132 quod
461 2050 671 2114 manifestum
698 2072 763 2115 non
790 2060 851 2128 est,
878 2052 911 2115 id
939 2051 1064 2115 scilicet
1091 2070 1150 2114 nec
1178 2049 1390 2113 manifestum

210 2152 300 2218 test.
345 2153 552 2238 Conceptum
577 2154 699 2219 lurtum
718 2155 848 2232 dicitur,
871 2177 946 2221 cum
970 2156 1059 2238 apud
1081 2154 1226 2238 aliquem
1245 2155 1388 2218 testibus

240 2260 469 2341 praesentibus
485 2259 603 2323 furtiva
619 2281 671 2323 res
688 2261 838 2343 quaesita
861 2270 894 2325 et
917 2261 1050 2324 inventa
1071 2261 1136 2325 sit:
1160 2280 1236 2323 nam
1258 2259 1291 2321 in
1312 2279 1390 2322 eum

239 2362 371 2444 propria
394 2362 481 2461 actio
507 2363 686 2428 constituta
710 2374 769 2438 est,
796 2365 946 2446 quamvis
969 2363 1022 2426 fur
1047 2383 1112 2427 non
1139 2363 1190 2438 sit,
1216 2383 1300 2445 quae
1330 2381 1390 2444 ap-

238 2463 381 2547 pellatur
403 2465 563 2548 concepti·
619 2466 768 2531 oblatum
792 2466 915 2531 lurtum
937 2467 1065 2543 dicitur,
1090 2486 1165 2531 cum
1190 2486 1242 2529 res
1267 2466 1389 2529 furtiva

239 2710 296 2748 was
309 2693 453 2762 approved
465 2693 503 2762 by
514 2694 618 2758 Labeo,
631 2693 688 2747 and
701 2697 867 2765 apparently
877 2695 915 2765 by
925 2697 1037 2764 Paulus,
1052 2698 1130 2752 Serv.
1140 2696 1178 2751 ad
1190 2698 1275 2765 Verg.
1284 2697 1389 2766 Georg.

238 2775 275 2830 iii.
289 2792 340 2846 405
355 2799 362 2843 ;
380 2778 441 2833 that
455 2778 526 2830 from
539 2777 644 2830 ‘fraus'
657 2795 714 2831 was
734 2780 886 2848 suggested
898 2779 937 2848 by
950 2779 1090 2834 Sabinus:
1109 2781 1169 2850 φώρ
1189 2780 1212 2834 is
1231 2780 1390 2834 connected

238 2860 305 2915 with
317 2863 408 2931 φέρειν
421 2860 449 2914 in
462 2877 540 2914 more
553 2861 622 2913 than
635 2876 689 2914 one
702 2860 750 2915 old
762 2862 839 2916 work
852 2879 888 2916 on
902 2864 1073 2932 etymology.

275 2943 334 3014 §a
354 2946 416 2999 The
436 2944 533 3015 jurists
558 2960 635 2998 seem
654 2952 684 2998 to
706 2946 779 2999 have
799 2945 917 3000 differed
938 2963 970 3000 as
992 2957 1021 3001 to
1043 2947 1092 3002 the
1112 2956 1175 3002 true
1194 2945 1341 3001 definition
1360 2947 1394 3001 os

238 3028 342 3082 sunum
359 3027 540 3082 manifestum
553 3047 559 3092 3
579 3025 667 3081 Gaius
687 3027 735 3096 (iii.
753 3029 813 3098 184)
828 3029 905 3098 gives
919 3031 1027 3085 several
1040 3029 1274 3099 proposedtests,
1290 3047 1346 3084 one
1359 3030 1393 3084 of

238 3110 330 3165 which
344 3111 402 3179 (the
416 3110 524 3179 finding
536 3110 568 3164 ol
576 3111 624 3164 the
637 3110 711 3165 thies
719 3121 748 3166 at
761 3129 817 3181 any
829 3112 898 3168 time
911 3112 977 3167 with
990 3114 1038 3167 the
1052 3115 1143 3167 stolen
1156 3122 1288 3183 property
1300 3113 1330 3166 in
1344 3113 1389 3167 his

237 3196 331 3248 actual
344 3193 515 3265 possession,
528 3210 588 3248 rem
605 3193 716 3261 tenens)
730 3196 766 3250 he
779 3213 844 3265 says
858 3213 915 3250 was
928 3197 1071 3266 generally
1084 3196 1207 3266 rejected
1219 3216 1226 3263 ;
1245 3196 1327 3251 while
1340 3197 1389 3252 the

237 3277 429 3348 qualification
442 3277 474 3330 os
489 3276 545 3330 this
558 3275 623 3330 with
637 3277 728 3330 which
747 3278 888 3347 Justinian
905 3280 1008 3348 adopts
1021 3279 1041 3334 it
1056 3279 1127 3347 (that
1140 3281 1177 3334 he
1190 3289 1264 3333 must
1277 3290 1328 3334 not
1341 3288 1388 3348 yet

237 3362 310 3415 have
330 3359 476 3429 conveyed
500 3359 521 3413 it
546 3359 639 3414 where
663 3361 699 3414 he
724 3360 879 3430 intended),
905 3364 1012 3432 though
1039 3363 1176 3433 accepted
1200 3363 1238 3432 by
1263 3363 1389 3418 Sabinus

239 3442 358 3511 (Gellius
377 3457 403 3512 9.
424 3444 465 3498 18.
488 3441 530 3510 1.),
553 3442 658 3497 caused
680 3443 816 3513 difficulty
832 3456 861 3499 to
884 3445 972 3500 Gaius
990 3445 1072 3517 ‘quia
1092 3445 1241 3500 videbatur
1261 3446 1388 3516 aliquam

237 3527 387 3581 admittere
406 3526 619 3594 dubitationem,
638 3526 721 3581 unius
741 3527 795 3583 diei
814 3546 850 3583 an
870 3528 956 3584 etiam
976 3529 1096 3599 plurium
1116 3528 1225 3585 dierum
1244 3530 1338 3600 spatio
1358 3530 1388 3584 id

236 3610 446 3665 terminandum
459 3609 494 3664 sit
507 3627 514 3677 3
532 3610 609 3680 quod
617 3627 651 3664 eo
661 3610 790 3679 pertinet,
802 3611 868 3683 quia
880 3630 966 3682 saepe
980 3612 1008 3667 in
1022 3613 1084 3667 aliis
1097 3612 1258 3667 civitatibus
1271 3613 1388 3683 subrep-

237 3702 281 3747 tas
300 3710 345 3749 res
364 3693 392 3747 in
412 3693 481 3747 alias
500 3693 628 3748 civitates
647 3695 691 3747 vel
714 3694 742 3748 in
764 3695 834 3750 alias
857 3695 1016 3766 provincias
1041 3695 1164 3750 destinat
1182 3696 1227 3750 fur
1247 3696 1389 3765 perferre!

238 3776 342 3831 Paulus
359 3787 421 3846 gets
440 3793 507 3831 over
525 3777 582 3832 this
600 3776 639 3846 by
656 3776 766 3847 strictly
784 3777 906 3848 limiting
925 3780 973 3833 the
992 3778 1078 3835 time:
1104 3778 1176 3850 ‘quo
1195 3780 1387 3835 destinaverat

236 3858 299 3929 quis
312 3861 437 3914 auferre’
456 3859 497 3914 sic
515 3858 712 3930 accipiendum
726 3873 777 3930 est,
793 3862 865 3932 ‘quo
883 3861 1074 3917 destinaverat
1087 3879 1121 3917 eo
1134 3862 1181 3917 die
1193 3880 1308 3917 manere
1322 3880 1387 3917 cum

236 3958 271 3996 eo
284 3943 373 3997 furto’
392 3942 457 4011 Dig.
471 3956 513 4009 47.
528 3957 553 3998 2.
566 3957 591 4009 4.
629 3944 797 4014 Practically
815 3945 979 4015 Justinian’s
998 3944 1144 4000 definition
1163 3946 1196 3999 ol
1209 3947 1258 4001 the
1276 3946 1387 4002 offence

235 4043 293 4079 was
306 4026 443 4095 accepted
456 4025 484 4079 in
497 4028 545 4081 the
558 4025 626 4082 time
640 4027 672 4081 of
682 4027 779 4082 Gaius.

270 4110 312 4163 As
330 4125 348 4165 a
366 4110 434 4177 rule,
447 4120 535 4164 arrest
549 4109 759 4180 (deprehensio)
773 4112 866 4166 actual
885 4128 918 4166 or
934 4112 1092 4182 attempted
1110 4129 1168 4166 was
1186 4129 1338 4182 necessary
1356 4123 1387 4169 to

235 4191 386 4247 constitute
399 4192 502 4247 furtum
516 4193 713 4257 manifestum
734 4194 754 4248 it
773 4212 830 4248 was
843 4205 893 4249 not
906 4196 1019 4264 enough
1032 4197 1138 4265 merely
1150 4206 1180 4250 to
1192 4212 1241 4250 see
1254 4196 1302 4250 the
1314 4196 1390 4251 thies

235 4274 263 4328 in
276 4276 325 4330 the
338 4276 519 4331 commission
533 4277 565 4330 os
580 4278 627 4332 the
647 4289 692 4332 act
711 4295 743 4332 or
756 4277 822 4333 with
840 4280 887 4333 the
905 4278 997 4333 stolen
1009 4278 1100 4349 goods
1113 4279 1142 4333 in
1155 4278 1199 4332 his
1212 4279 1386 4349 possession,

235 4355 302 4426 Dig.
314 4371 356 4424 47.
372 4374 397 4412 2.
410 4372 435 4425 7.
451 4375 461 4413 1
478 4360 535 4414 and
548 4375 573 4415 2.

270 4441 327 4509 §¹2
347 4442 409 4496 The
422 4443 537 4512 penalty
549 4443 592 4497 sor
608 4442 711 4498 furtum
731 4454 899 4514 conceptum
917 4444 975 4500 and
988 4444 1115 4500 oblatum
1127 4461 1184 4499 was
1199 4443 1273 4500 fixed
1286 4445 1325 4515 by
1337 4445 1386 4500 the
