2986 5048
109 348 223 414 maa]
546 349 608 404 na
628 350 822 410 assarta
1193 364 1254 428 291

109 513 285 578 heredibus
314 526 461 579 servatur
489 525 523 580 et
552 526 662 581 recte:
695 519 827 582 nomina
853 518 941 582 enim
967 518 1256 601 significandorum

108 617 280 680 hominum
296 621 401 701 gratia
416 629 546 702 reperta
561 629 647 695 sunt,
664 621 763 703 quisi
785 621 934 703 quolibet
954 621 1020 685 alio
1041 622 1141 686 modo
1160 621 1256 686 intel-

110 719 269 803 legantur,
296 721 375 785 nihil
400 722 545 787 interest.
593 723 681 787 Huic
705 725 858 806 proxima
885 733 935 788 est
961 724 1017 788 illa
1043 725 1119 789 iuris
1145 725 1257 808 regula
1270 734 1306 790 30

109 823 194 888 salsa
208 825 489 890 demonstratione
511 827 654 910 legatum
679 847 744 891 non
767 828 900 910 peremi.
944 828 1045 893 veluti
1067 830 1095 893 si
1117 831 1190 912 quis
1212 832 1259 894 ita

111 926 267 1008 legaverit
284 927 456 993 ‘Stichum
472 949 601 994 servum
619 951 727 994 meum
743 951 878 995 vernam
893 932 937 995 do
953 931 1028 1014 lego
1040 928 1061 996 ε’
1076 931 1153 998 licet
1170 934 1258 998 enim

112 1051 177 1093 non
198 1052 306 1107 vema‚
327 1034 385 1097 sed
409 1045 542 1117 emptus
559 1034 613 1110 sit,
633 1036 676 1099 de
698 1055 793 1098 servo
816 1043 929 1099 tamen
951 1046 1091 1115 constat,
1106 1038 1186 1102 utile
1208 1045 1259 1102 est

112 1133 270 1216 legatum.
323 1147 357 1200 et
386 1137 620 1202 convenienter
648 1139 676 1201 si
705 1139 752 1202 ita
782 1139 1056 1203 demonstraverit
1086 1139 1259 1204 ‘Stichum

112 1257 253 1314 servum,
265 1258 365 1321 quem
380 1261 400 1304 a
416 1240 494 1305 Seio
510 1237 595 1318 emi,'
607 1241 715 1324 sitque
725 1241 768 1304 ab
782 1240 848 1304 alio
863 1250 1002 1324 emptus,
1016 1242 1096 1306 utile
1112 1241 1259 1325 legatum

113 1349 173 1417 est,
187 1342 214 1404 si
229 1341 382 1407 deservo
400 1354 540 1408 constat.
585 1342 703 1425 Longe
723 1345 828 1426 magis
846 1343 958 1426 legato
977 1344 1061 1409 salsa
1078 1365 1177 1410 causa
1192 1366 1258 1409 non
1272 1351 1305 1406 31

113 1454 220 1509 nocet.
263 1447 365 1511 veluti
387 1469 462 1513 cum
485 1449 532 1512 ita
555 1449 628 1530 quis
650 1448 794 1511 dixerit:
819 1447 938 1523 ‘Titio,
956 1449 1033 1530 quia
1053 1449 1191 1513 absente
1207 1469 1260 1513 me

114 1548 245 1629 negotia
269 1569 344 1613 mea
363 1552 496 1630 curavit,
519 1550 670 1615 Stichum
695 1551 739 1614 do
762 1550 858 1632 lego,’
873 1550 926 1615 vel
948 1551 1014 1616 ita:
1038 1551 1159 1629 ‘Titio,
1183 1553 1261 1634 quia

113 1652 297 1731 patrocinio
326 1655 395 1718 eius
424 1654 556 1737 capitali
583 1655 718 1718 crimine
743 1651 902 1717 liberatus
928 1674 1010 1727 sum,
1037 1653 1188 1718 Stichum
1216 1655 1261 1718 do

115 1751 222 1836 lego?
250 1756 327 1820 licet
356 1759 443 1823 enim
478 1778 586 1841 neque
616 1757 749 1840 negotia
779 1757 946 1822 testatoris
975 1778 1133 1840 umquam
1159 1759 1262 1840 gessit

114 1857 224 1923 Titius
253 1879 362 1942 neque
391 1863 572 1945 patrocinio
601 1863 671 1925 eius
700 1860 858 1926 liberatus
885 1872 944 1935 est,
971 1861 1118 1944 legatum
1149 1871 1261 1926 tamen

115 1962 213 2026 valet.
267 1967 325 2029 sed
356 1968 383 2030 si
412 1966 681 2031 condicionaliter
709 1966 881 2030 enuntiata
911 1965 1009 2030 suerit
1038 1986 1145 2043 causa,
1172 1964 1261 2029 aliud

115 2066 192 2129 iuris
215 2077 273 2145 est,
288 2070 390 2133 veluti
416 2070 478 2135 hoc
500 2071 620 2134 modo:
645 2068 764 2146 ‘Titio‚
788 2070 815 2132 si
840 2069 974 2150 negotia
998 2089 1072 2132 mea
1094 2069 1263 2146 curaverit,

115 2167 254 2233 fundum
271 2172 315 2235 do
329 2170 424 2255 lego.’
466 2173 525 2237 An
544 2194 637 2237 servo
658 2172 787 2236 heredis
805 2182 894 2236 recte
912 2171 1069 2255 legamus,
1086 2172 1263 2255 quaeritur.
1277 2174 1313 2229 32

117 2281 151 2334 et
166 2282 297 2357 constat
312 2295 393 2356 pure
409 2276 566 2340 inutiliter
580 2277 682 2358 legari
697 2295 758 2339 nec
773 2275 954 2358 quidquam
970 2275 1136 2356 proficere,
1147 2276 1174 2339 si
1189 2276 1264 2338 vivo

116 2383 277 2440 testatore
297 2378 340 2441 de
360 2389 526 2462 potestate
543 2380 672 2443 heredis
688 2380 814 2454 exierit,
833 2380 909 2461 quia
930 2379 1020 2461 quod
1044 2378 1158 2442 inutile
1179 2378 1265 2442 soret

117 2477 274 2560 legatum,
290 2482 317 2544 si
341 2485 451 2546 statim
475 2494 550 2566 post
572 2484 698 2548 lactum
720 2492 960 2547 testamentum
984 2484 1176 2547 decessisset
1200 2492 1265 2545 tes·

116 2591 214 2659 tator,
231 2582 293 2647 hoc
315 2605 380 2648 non
401 2586 501 2651 debet
521 2589 596 2651 ideo
613 2587 731 2662 valere,
749 2587 826 2669 quia
842 2586 964 2649 diutius
983 2594 1124 2649 testator
1137 2585 1265 2648 vixerit.

117 2684 180 2747 sub
209 2688 403 2752 condicione
432 2711 508 2754 vero
538 2701 626 2755 recte
652 2690 789 2771 legatur,
813 2698 850 2751 ut
881 2689 1092 2769 requiramus,
1118 2707 1171 2762 an,
1199 2707 1267 2768 quo

116 2797 267 2872 tempore
288 2792 359 2855 dies
376 2793 475 2877 legati
499 2795 594 2871 cedit,
616 2795 649 2857 in
674 2801 840 2876 potestate
866 2790 996 2854 heredis
1019 2812 1086 2855 non
1110 2792 1162 2855 sit.
1210 2789 1266 2852 Ex
1281 2795 1321 2850 33⁴

118 2892 248 2958 diverso
266 2894 387 2959 herede
410 2898 560 2962 instituto
583 2917 678 2961 servo
700 2896 779 2979 quin
802 2896 938 2958 domino
962 2904 1050 2958 recte
1073 2894 1173 2958 etiam
1197 2893 1268 2956 sine

117 2997 312 3062 condicione
341 2999 478 3082 legetur,
509 3022 575 3064 non
605 3001 785 3065 dubitatur.
831 3019 908 3062 nam
935 3007 968 3061 et
998 2999 1025 3061 si
1054 2997 1167 3061 statim
1192 3005 1269 3078 post

157 3286 236 3359 §³0.
255 3291 416 3362 ‘Quicquid
429 3292 640 3347 demonstratae
659 3292 699 3347 rei
719 3291 833 3347 additur
848 3290 917 3346 satis
936 3291 1155 3358 demonstratae,
1167 3291 1270 3346 frustra

119 3374 179 3427 est’
193 3373 259 3443 Dig.
273 3389 314 3443 35
328 3390 354 3440 4
372 3391 394 3429 1.
407 3377 431 3443 8,
445 3376 494 3430 the
506 3392 607 3431 reason
620 3375 707 3443 being
718 3376 779 3430 that
794 3372 1013 3429 ‘demonstratio
1028 3375 1192 3444 plerumque
1209 3373 1270 3428 vice

120 3456 244 3511 nominis
257 3458 398 3526 lungitur’
411 3458 477 3528 Dig.
492 3472 535 3527 35.
551 3474 573 3512 1.
586 3473 628 3527 34

158 3536 173 3609 ς
186 3542 232 3593 al.
251 3541 313 3594 The
326 3541 440 3609 general
453 3542 512 3594 rule
525 3540 549 3594 is
562 3541 623 3595 that
636 3557 654 3594 a
667 3549 871 3608 testamentary
884 3538 1052 3609 disposition
1066 3538 1090 3593 is
1103 3538 1169 3593 void
1187 3539 1211 3592 if
1222 3539 1270 3593 the

120 3622 262 3677 testatore
277 3622 383 3677 motive
402 3623 430 3677 in
449 3622 566 3693 making
584 3623 605 3678 it
624 3623 648 3677 is
668 3641 685 3677 a
702 3622 843 3677 mistaken
859 3640 923 3690 one,
935 3639 959 3677 e.
966 3640 993 3692 g.
1006 3622 1030 3675 if
1040 3624 1076 3677 he
1090 3622 1271 3691 erroneously

122 3721 261 3776 supposes
277 3707 326 3761 the
343 3705 486 3761 institutus
503 3724 536 3760 or
551 3708 660 3775 legatee
673 3719 703 3760 to
715 3707 788 3760 have
802 3706 889 3760 saved
902 3705 946 3760 his
960 3705 1015 3772 lise,
1027 3715 1058 3759 to
1070 3705 1107 3759 be
1119 3705 1164 3759 his
1177 3715 1271 3774 agent,

122 3799 196 3844 etc:
215 3789 273 3843 and
292 3788 313 3844 it
332 3789 356 3843 is
375 3791 442 3858 only
456 3791 624 3860 apparently
639 3790 700 3844 that
719 3789 774 3843 this
794 3789 817 3843 is
836 3789 1030 3843 contradieted
1049 3788 1088 3856 by
1100 3789 1148 3842 the
1167 3788 1271 3842 maxim

122 3872 195 3926 salsa
213 3888 300 3926 causa
317 3888 375 3927 non
394 3883 484 3927 nocet.
523 3873 569 3927 All
587 3874 648 3926 that
665 3873 714 3926 the
729 3873 812 3926 latter
828 3889 927 3926 means
945 3870 968 3925 is
986 3872 1047 3925 that
1064 3887 1101 3924 an
1114 3870 1272 3924 institution

123 3970 157 4008 or
169 3956 268 4024 legacy
281 3955 305 4010 is
317 3965 367 4010 not
380 3956 502 4010 avoided
511 3957 550 4024 by
559 3957 607 4010 the
618 3972 694 4010 mere
705 3955 761 4009 lact
772 3956 833 4009 that
846 3955 895 4008 the
907 3964 1025 4008 testator
1038 3963 1125 4008 states
1138 3971 1156 4007 a
1168 3952 1272 4008 motive

123 4038 224 4093 sorbis
236 4038 405 4109 disposition
418 4038 508 4093 which
529 4038 552 4092 is
570 4040 686 4093 unreal:
706 4049 736 4092 to
753 4037 837 4103 avoid
858 4037 878 4091 it
898 4037 918 4091 it
938 4047 1013 4090 must
1032 4037 1092 4091 also
1111 4037 1147 4090 be
1166 4035 1272 4106 proved

123 4120 186 4175 that
198 4121 235 4176 he
247 4121 376 4176 believed
389 4122 410 4176 it
423 4132 452 4175 to
464 4122 500 4176 be
513 4122 572 4175 real
586 4140 591 4175 :
611 4121 729 4174 ‘salsam
748 4136 863 4174 causam
880 4121 975 4188 legato
992 4135 1048 4172 non
1066 4119 1167 4173 obesse
1180 4117 1273 4172 verius

124 4214 177 4269 est,
197 4203 264 4274 quia
285 4204 357 4260 ratio
379 4204 491 4273 legandi
514 4205 609 4273 legato
631 4220 688 4258 non
712 4204 863 4258 cohaeret:
890 4202 941 4257 sed
964 4203 1129 4271 plerumque
1151 4201 1208 4255 doli
1228 4218 1273 4255 ex-

124 4285 219 4357 ceptio
237 4288 330 4342 locum
348 4287 474 4356 habebit,
495 4286 519 4341 si
538 4288 672 4357 probetur
691 4287 761 4342 alias
779 4287 922 4355 legaturus
941 4302 998 4339 non
1017 4284 1119 4339 luisse'
1145 4284 1212 4354 Dig.
1231 4297 1273 4354 35.

128 4386 150 4426 ι.
165 4383 208 4438 72.
221 4370 259 4438 6;
277 4372 313 4426 cs.
328 4372 396 4427 Cod
411 4372 437 4426 6.
450 4386 493 4438 44.
511 4386 532 4426 1.

162 4450 234 4523 §82
253 4453 325 4509 This
337 4453 502 4510 distinction
514 4453 643 4509 between
653 4470 670 4507 a
680 4454 779 4523 legacy
788 4451 872 4523 given
885 4469 963 4523 pure,
971 4452 1028 4506 and
1042 4451 1094 4506 sub
1108 4450 1275 4507 condicione

674 4555 735 4605 Ἠ
