2986 5048
192 352 257 426 350
397 344 501 401 INST
499 343 547 399 ΙΤ
550 343 604 399 UT
603 341 749 400 IONUM
766 340 886 396 LIBRI
902 339 1141 413 QUATTUOR.
1226 343 1347 410 [Hom.

193 513 282 579 facto
296 520 498 578 testamento
519 509 694 593 quisquam
717 507 903 586 decesserit,
918 528 977 592 per
993 507 1057 573 hoc
1079 516 1213 594 tempus
1234 509 1346 594 requi·

192 618 283 694 ritnr,
297 637 365 698 quo
379 623 506 680 certum
522 633 594 679 csse
608 612 753 697 coeperit
768 610 895 675 nullum
911 633 956 676 ex
971 620 1172 679 testamento
1186 611 1346 678 heredem

193 729 404 785 extaturum:
429 728 500 783 tum
523 719 611 782 enim
631 717 763 801 proprie
783 716 922 799 quisque
944 715 1147 801 intellegitur
1166 717 1345 784 intestatus

192 824 382 889 decessisse.
418 824 509 906 quod
521 822 655 905 quidem
669 820 847 904 aliquando
861 821 961 903 longo
976 830 1126 905 tempore
1140 820 1345 891 declaratur:

192 929 226 992 in
249 948 316 1009 quo
338 926 446 1010 spatio
468 925 626 1010 temporis
652 946 752 1008 saepe
773 923 903 1001 accidit,
925 934 962 989 ut
986 925 1189 1008 proximiore
1211 936 1346 992 mortuo

191 1032 365 1115 proximus
381 1051 454 1095 esse
469 1031 612 1113 incipiat,
630 1030 687 1113 qui
707 1030 868 1093 moriente
885 1037 1045 1093 testatore
1064 1046 1130 1094 non
1147 1037 1220 1095 erat
1240 1051 1346 1113 prox·

163 1141 181 1195 7
193 1136 288 1199 imus.
346 1134 501 1199 Placebat
529 1143 643 1198 autem
665 1134 699 1196 in
721 1155 761 1197 eo
790 1153 911 1216 genere
933 1133 1219 1217 percipiendarum
1250 1133 1345 1201 here·

192 1239 337 1304 ditatum
360 1238 603 1302 successionem
625 1257 691 1300 non
714 1257 795 1315 esse,
810 1237 844 1301 id
859 1246 910 1302 est
925 1245 970 1317 ut,
986 1238 1138 1320 quamvis
1159 1239 1344 1322 proximus,

191 1344 249 1427 qui
271 1343 453 1407 secundum
475 1364 516 1408 ea
537 1362 623 1424 quae
644 1340 792 1405 diximus
812 1350 949 1406 vocatur
970 1340 1014 1406 ad
1035 1341 1267 1419 hereditatem,
1288 1352 1346 1408 aut

192 1448 349 1533 spreverit
374 1446 595 1512 hereditatem
618 1453 677 1510 aut
703 1454 882 1529 antequam
908 1446 1007 1511 adeat
1031 1445 1217 1525 decesserit,
1240 1447 1346 1513 nihilo

191 1552 299 1635 magis
328 1550 477 1634 legitimo
507 1550 576 1614 iure
605 1558 781 1633 sequentes
813 1548 1044 1614 admittuntur.
1102 1551 1193 1632 quod
1222 1550 1345 1616 iterum

191 1663 361 1738 praetores
375 1654 568 1738 imperfecto
584 1652 653 1717 iure
675 1652 876 1736 corrigentes
892 1671 958 1716 nou
974 1654 1006 1716 in
1023 1661 1131 1718 totum
1146 1654 1219 1718 sine
1235 1656 1346 1721 admi·

192 1758 302 1824 niculo
317 1758 556 1842 relinquebant,
572 1758 631 1822 sed
654 1778 699 1821 ex
721 1766 938 1841 cognatorum
961 1757 1077 1822 ordine
1095 1779 1153 1823 eos
1167 1760 1344 1837 vocabant,

192 1872 309 1947 utpote
334 1863 545 1946 adgnationis
574 1862 643 1927 iure
673 1861 721 1927 eis
750 1860 887 1926 recluso.
938 1861 998 1926 sed
1030 1882 1091 1928 nos
1117 1863 1198 1927 nihil
1227 1864 1347 1930 deesse

192 1966 431 2051 perfectissimo
461 1967 521 2030 iuri
552 1965 721 2049 cupientes
753 1973 866 2029 nostra
897 1966 1132 2031 constitutione
1159 1967 1344 2045 sanximus,

191 2090 293 2153 quam
316 2070 359 2133 de
380 2070 448 2133 iure
470 2078 663 2153 patronatus
685 2067 894 2133 humanitate
917 2079 1115 2152 suggerente
1134 2069 1345 2153 protulimus,

192 2171 432 2237 successionem
448 2172 480 2236 in
496 2175 716 2256 adgnatorum
735 2172 974 2237 hereditatibus
996 2193 1062 2236 non
1084 2193 1157 2238 esse
1174 2175 1223 2239 eis
1242 2176 1346 2241 dene·

191 2276 346 2359 gandam,
365 2297 440 2340 cum
465 2277 544 2340 satis
566 2276 746 2341 absurdum
770 2284 848 2351 erat
863 2277 954 2359 quod
977 2277 1127 2361 cognatis
1147 2298 1168 2341 a
1189 2287 1346 2361 praetore

191 2389 343 2463 apertum
371 2391 430 2459 est,
456 2379 521 2446 hoc
551 2381 705 2464 adgnatis
735 2398 807 2444 esse
834 2381 1005 2457 reclusum,
1031 2382 1179 2446 maxime
1205 2402 1284 2447 cum
1310 2384 1345 2448 in

192 2503 293 2547 onere
318 2484 452 2566 quidem
476 2483 656 2550 tutelarum
683 2491 718 2548 et
743 2483 850 2568 primo
874 2483 979 2567 gradu
1003 2482 1177 2549 deficiente
1201 2506 1345 2569 sequens

192 2589 339 2654 succedit
361 2597 405 2666 et,
422 2590 513 2672 quod
536 2590 570 2653 in
593 2608 693 2655 onere
716 2586 897 2673 optinebat,
917 2609 984 2653 uon
1006 2598 1078 2655 erat
1100 2589 1134 2654 in
1157 2588 1249 2656 lucro
1271 2611 1346 2676 per-

190 2692 339 2757 missum.

162 2803 180 2857 8
234 2795 293 2861 Ad
323 2796 506 2880 legitimam
535 2798 776 2863 successionem
806 2797 908 2863 nihilo
938 2798 1047 2862 minus
1074 2806 1213 2863 vocatur
1241 2799 1346 2865 etiam

124 2962 130 2976 ,
191 2920 319 2983 parens,
342 2902 398 2984 qui
424 2910 593 2967 contracta
619 2899 738 2967 fiducia
762 2901 866 2966 filium
892 2900 944 2967 vel
971 2900 1082 2977 filiam,
1106 2910 1265 2985 nepotem
1291 2902 1346 2968 vel

191 3012 326 3086 neptem
342 3025 381 3068 ac
396 3004 553 3089 deinceps
576 3007 772 3089 emancipat.
816 3005 905 3089 quod
922 3027 967 3070 ex
981 3014 1092 3070 nostra
1107 3005 1347 3072 constitutione

191 3108 385 3174 omnimodo
414 3109 590 3186 inducitur,
622 3121 659 3175 ut
696 3111 975 3194 emancipationes
1004 3109 1181 3175 liberorum
1212 3129 1347 3195 semper

190 3212 366 3277 videantur
395 3222 563 3278 contracta
598 3213 719 3279 fiducia
753 3214 831 3292 fieri,
861 3235 936 3280 cum
969 3215 1058 3298 apud
1092 3214 1246 3297 antiquos
1277 3232 1346 3280 non

191 3313 288 3380 aliter
309 3316 372 3381 hoc
395 3316 578 3400 optinebat,
599 3317 662 3382 nisi
683 3317 869 3401 specialiter
891 3328 1062 3383 contracta
1083 3316 1205 3382 fiducia
1223 3338 1346 3402 parens

192 3420 446 3485 manumisisset.

227 3649 241 3721 §
256 3654 282 3706 ⁷.
303 3651 360 3704 For
372 3651 420 3704 the
432 3651 487 3706 last
500 3650 571 3706 lines
584 3651 617 3706 os
626 3651 682 3706 this
695 3650 803 3707 section
817 3651 852 3706 cf.
866 3652 918 3707 Bk.
932 3651 950 3708 i.
967 3664 997 3719 17
1010 3652 1068 3708 aad
1081 3662 1163 3708 notes
1175 3669 1253 3724 supr.

227 3734 241 3802 t
255 3737 285 3788 8.
305 3733 407 3789 Under
424 3734 473 3789 the
491 3735 539 3788 old
557 3744 664 3803 system
678 3734 710 3789 of
723 3733 933 3805 emancipation
947 3735 986 3805 (p.
1001 3748 1049 3804 137
1063 3734 1149 3805 supr.)
1169 3734 1194 3790 ii
1207 3736 1258 3792 the
1277 3734 1345 3793 final

190 3815 396 3872 manumission
415 3817 448 3871 os
462 3817 510 3872 the
529 3817 606 3873 child
618 3835 676 3874 was
695 3818 779 3873 made
797 3819 835 3887 by
848 3819 896 3873 the
915 3817 1048 3873 fictitious
1062 3818 1178 3888 vendes,
1191 3818 1241 3875 the
1259 3820 1346 3877 latter

189 3900 360 3969 technically
372 3901 491 3954 became
509 3910 630 3970 patron;
648 3902 739 3956 hence
758 3900 779 3955 it
798 3918 856 3957 was
873 3902 955 3956 usual
973 3900 1016 3956 ior
1034 3901 1093 3956 him
1111 3911 1141 3957 to
1160 3918 1246 3972 agree
1265 3903 1345 3973 (con-

188 3989 281 4039 tracta
299 3982 414 4052 fiducia)
433 3993 464 4037 to
482 3983 550 4037 hold
569 3985 617 4040 the
635 3984 696 4039 iura
714 3994 879 4055 patronatus
899 3984 928 4040 in
946 3995 1018 4040 trust
1037 3985 1080 4041 lor
1094 3987 1143 4041 the
1160 3984 1263 4041 father.
1302 3988 1346 4057 By

191 4068 261 4123 Cod
276 4069 301 4122 8.
314 4082 356 4136 49.
370 4066 395 4135 6,
408 4065 549 4136 Justinian
568 4068 688 4124 enacted
705 4070 767 4123 that
786 4086 871 4137 every
883 4068 1093 4139 emancipation
1111 4068 1201 4123 under
1219 4069 1266 4124 his
1281 4085 1345 4126 new

188 4152 262 4207 form
281 4150 384 4206 should
402 4149 438 4205 be
457 4150 543 4206 taken
561 4160 591 4206 to
609 4151 646 4207 be
665 4151 749 4207 made
768 4152 859 4206 under
881 4153 950 4206 such
971 4170 989 4206 a
1009 4161 1081 4207 trust
1102 4162 1278 4223 agreement,
1297 4152 1345 4209 ie.

189 4233 293 4290 should
305 4235 378 4289 have
390 4235 438 4291 the
457 4251 536 4290 same
549 4235 654 4303 effects,
667 4234 703 4291 in.
712 4246 823 4305 respect
842 4235 876 4290 ol
886 4234 1089 4307 guardianship
1107 4236 1165 4292 and
1179 4235 1344 4292 successiou

190 4317 312 4386 (subject
330 4325 360 4372 to
379 4319 460 4373 other
478 4318 674 4374 intermediate
693 4319 827 4388 changes
846 4336 895 4375 see
913 4336 950 4374 on
969 4319 1024 4374 Tit.
1041 4334 1063 4375 1.
1080 4332 1110 4389 15
1124 4318 1213 4393 supr.)
1232 4336 1265 4377 as
1286 4319 1344 4376 isit

189 4400 249 4455 bad
260 4399 333 4457 been
347 4401 467 4459 effected
479 4402 518 4472 by
530 4403 578 4458 the
591 4402 639 4458 old
650 4402 769 4459 method
781 4402 847 4459 with
860 4419 897 4459 an
911 4402 1003 4459 actual
1017 4400 1127 4459 fiducia.
