<?xml version="1.0" encoding="UTF-8"?>
<!DOCTYPE html PUBLIC "-//W3C//DTD XHTML 1.0 Transitional//EN"
    "http://www.w3.org/TR/xhtml1/DTD/xhtml1-transitional.dtd">
<html xmlns="http://www.w3.org/1999/xhtml" xml:lang="en" lang="en">
 <head>
  <title>
</title>
<meta http-equiv="Content-Type" content="text/html;charset=utf-8" />
  <meta name='ocr-system' content='tesseract 3.04.00' />
  <meta name='ocr-capabilities' content='ocr_page ocr_carea ocr_par ocr_line ocrx_word'/>
</head>
<body>
  <div class='ocr_page' id='page_1' title='image "./imperatorisiust00goog_0100.png"; bbox 0 0 2986 5048; ppageno 0'>
   <div class='ocr_carea' id='block_1_1' title="bbox 168 909 1313 990">
    <p class='ocr_par' dir='ltr' id='par_1_1' title="bbox 168 909 1313 990">
     <span class='ocr_line' id='line_1_1' title="bbox 168 909 1313 990; baseline 0.004 -5"><span class='ocrx_word' id='word_1_1' title='bbox 168 911 228 985; x_wconf 92' lang='lat' dir='ltr'>IN</span> <span class='ocrx_word' id='word_1_2' title='bbox 248 910 473 986; x_wconf 91' lang='lat' dir='ltr'><strong>NOMINE</strong></span> <span class='ocrx_word' id='word_1_3' title='bbox 491 909 699 985; x_wconf 92' lang='lat' dir='ltr'><strong>DOMINI</strong></span> <span class='ocrx_word' id='word_1_4' title='bbox 717 910 923 987; x_wconf 90' lang='lat' dir='ltr'><strong>NOSTRI</strong></span> <span class='ocrx_word' id='word_1_5' title='bbox 940 911 1069 988; x_wconf 87' lang='lat' dir='ltr'>IESU</span> <span class='ocrx_word' id='word_1_6' title='bbox 1086 912 1313 990; x_wconf 87' lang='lat' dir='ltr'><strong>CHRISTI</strong></span> 
     </span>
    </p>
   </div>
   <div class='ocr_carea' id='block_1_2' title="bbox 164 1177 1317 1749">
    <p class='ocr_par' dir='ltr' id='par_1_2' title="bbox 164 1177 1317 1749">
     <span class='ocr_line' id='line_1_2' title="bbox 164 1177 1317 1233; baseline 0.004 -5"><span class='ocrx_word' id='word_1_7' title='bbox 164 1178 384 1229; x_wconf 75' lang='lat' dir='ltr'><strong>IMPERATOR</strong></span> <span class='ocrx_word' id='word_1_8' title='bbox 410 1179 553 1229; x_wconf 80' lang='lat' dir='ltr'>CAESAR</span> <span class='ocrx_word' id='word_1_9' title='bbox 580 1177 739 1230; x_wconf 77' lang='lat' dir='ltr'><strong>FLAVIUS</strong></span> <span class='ocrx_word' id='word_1_10' title='bbox 766 1177 1012 1231; x_wconf 80' lang='lat' dir='ltr'>IUSTINIANUS</span> <span class='ocrx_word' id='word_1_11' title='bbox 1044 1181 1317 1233; x_wconf 81' lang='lat' dir='ltr'><strong>ALAMANNICUS</strong></span> 
     </span>
     <span class='ocr_line' id='line_1_3' title="bbox 235 1282 1244 1337; baseline 0.003 -4"><span class='ocrx_word' id='word_1_12' title='bbox 235 1282 424 1335; x_wconf 83' lang='lat' dir='ltr'><strong>GO&#39;IHICUS</strong></span> <span class='ocrx_word' id='word_1_13' title='bbox 444 1282 651 1334; x_wconf 76' lang='lat' dir='ltr'><strong>FRANCICUS</strong></span> <span class='ocrx_word' id='word_1_14' title='bbox 674 1282 920 1334; x_wconf 82' lang='lat' dir='ltr'><strong>GERMANICUS</strong></span> <span class='ocrx_word' id='word_1_15' title='bbox 943 1284 1104 1337; x_wconf 82' lang='lat' dir='ltr'><strong>ANTICUS</strong></span> <span class='ocrx_word' id='word_1_16' title='bbox 1127 1286 1244 1336; x_wconf 83' lang='lat' dir='ltr'><strong>ALAN·</strong></span> 
     </span>
     <span class='ocr_line' id='line_1_4' title="bbox 319 1386 1165 1440; baseline 0.001 -2"><span class='ocrx_word' id='word_1_17' title='bbox 319 1387 402 1438; x_wconf 88' lang='lat' dir='ltr'>ICUS</span> <span class='ocrx_word' id='word_1_18' title='bbox 427 1386 666 1438; x_wconf 81' lang='lat' dir='ltr'><strong>VANDALICUS</strong></span> <span class='ocrx_word' id='word_1_19' title='bbox 697 1386 909 1439; x_wconf 78' lang='lat' dir='ltr'><strong>AFRICANUS</strong></span> <span class='ocrx_word' id='word_1_20' title='bbox 941 1387 1022 1440; x_wconf 92' lang='lat' dir='ltr'>PIUS</span> <span class='ocrx_word' id='word_1_21' title='bbox 1052 1389 1165 1440; x_wconf 87' lang='lat' dir='ltr'><strong>FELIX</strong></span> 
     </span>
     <span class='ocr_line' id='line_1_5' title="bbox 383 1489 1102 1542; baseline 0.004 -3"><span class='ocrx_word' id='word_1_22' title='bbox 383 1489 558 1541; x_wconf 87' lang='lat' dir='ltr'><strong>INCLITUS</strong></span> <span class='ocrx_word' id='word_1_23' title='bbox 585 1489 721 1540; x_wconf 85' lang='lat' dir='ltr'><strong>VICTOR</strong></span> <span class='ocrx_word' id='word_1_24' title='bbox 751 1490 798 1540; x_wconf 83' lang='lat' dir='ltr'>AC</span> <span class='ocrx_word' id='word_1_25' title='bbox 825 1489 1102 1542; x_wconf 76' lang='lat' dir='ltr'><strong>TRIUMPHA&#39;I’OR</strong></span> 
     </span>
     <span class='ocr_line' id='line_1_6' title="bbox 469 1592 1016 1645; baseline -0.002 -1"><span class='ocrx_word' id='word_1_26' title='bbox 469 1592 617 1644; x_wconf 87' lang='lat' dir='ltr'><strong>SEMPER</strong></span> <span class='ocrx_word' id='word_1_27' title='bbox 640 1593 836 1645; x_wconf 81' lang='lat' dir='ltr'><strong>AUGUSTUS</strong></span> <span class='ocrx_word' id='word_1_28' title='bbox 854 1592 1016 1644; x_wconf 80' lang='lat' dir='ltr'><strong>CUPIDAE</strong></span> 
     </span>
     <span class='ocr_line' id='line_1_7' title="bbox 553 1696 928 1749; baseline -0.011 -3"><span class='ocrx_word' id='word_1_29' title='bbox 553 1696 682 1748; x_wconf 87' lang='lat' dir='ltr'><strong>LEGUM</strong></span> <span class='ocrx_word' id='word_1_30' title='bbox 706 1696 928 1749; x_wconf 84' lang='lat' dir='ltr'>IUVENTUTI.</span> 
     </span>
    </p>
   </div>
   <div class='ocr_carea' id='block_1_3' title="bbox 164 1898 1319 2502">
    <p class='ocr_par' dir='ltr' id='par_1_3' title="bbox 164 1898 1319 2502">
     <span class='ocr_line' id='line_1_8' title="bbox 210 1898 1317 1976; baseline 0.002 -14"><span class='ocrx_word' id='word_1_31' title='bbox 210 1899 504 1962; x_wconf 75' lang='lat' dir='ltr'><strong>IMPERATORIAM</strong></span> <span class='ocrx_word' id='word_1_32' title='bbox 530 1898 738 1963; x_wconf 88' lang='lat' dir='ltr'>maiestatem</span> <span class='ocrx_word' id='word_1_33' title='bbox 767 1918 834 1962; x_wconf 93' lang='lat' dir='ltr'>non</span> <span class='ocrx_word' id='word_1_34' title='bbox 860 1899 967 1963; x_wconf 90' lang='lat' dir='ltr'>solum</span> <span class='ocrx_word' id='word_1_35' title='bbox 992 1899 1091 1963; x_wconf 91' lang='lat' dir='ltr'>armis</span> <span class='ocrx_word' id='word_1_36' title='bbox 1118 1900 1317 1976; x_wconf 86' lang='lat' dir='ltr'>decoratam,</span> 
     </span>
     <span class='ocr_line' id='line_1_9' title="bbox 164 2002 1319 2088; baseline 0.001 -20"><span class='ocrx_word' id='word_1_37' title='bbox 164 2004 225 2068; x_wconf 88' lang='lat' dir='ltr'>sed</span> <span class='ocrx_word' id='word_1_38' title='bbox 245 2004 345 2067; x_wconf 88' lang='lat' dir='ltr'>etiam</span> <span class='ocrx_word' id='word_1_39' title='bbox 365 2002 492 2085; x_wconf 86' lang='lat' dir='ltr'>legibus</span> <span class='ocrx_word' id='word_1_40' title='bbox 511 2011 641 2086; x_wconf 86' lang='lat' dir='ltr'>oportet</span> <span class='ocrx_word' id='word_1_41' title='bbox 659 2022 733 2066; x_wconf 91' lang='lat' dir='ltr'>esse</span> <span class='ocrx_word' id='word_1_42' title='bbox 754 2011 926 2080; x_wconf 86' lang='lat' dir='ltr'>armatam,</span> <span class='ocrx_word' id='word_1_43' title='bbox 942 2013 980 2068; x_wconf 90' lang='lat' dir='ltr'>ut</span> <span class='ocrx_word' id='word_1_44' title='bbox 994 2013 1171 2087; x_wconf 93' lang='lat' dir='ltr'>utrumque</span> <span class='ocrx_word' id='word_1_45' title='bbox 1186 2015 1319 2088; x_wconf 90' lang='lat' dir='ltr'>tempus</span> 
     </span>
     <span class='ocr_line' id='line_1_10' title="bbox 165 2106 1319 2193; baseline 0.001 -21"><span class='ocrx_word' id='word_1_46' title='bbox 165 2118 200 2172; x_wconf 92' lang='lat' dir='ltr'>et</span> <span class='ocrx_word' id='word_1_47' title='bbox 231 2106 392 2171; x_wconf 90' lang='lat' dir='ltr'>bellorum</span> <span class='ocrx_word' id='word_1_48' title='bbox 430 2116 464 2171; x_wconf 90' lang='lat' dir='ltr'>et</span> <span class='ocrx_word' id='word_1_49' title='bbox 501 2108 592 2190; x_wconf 87' lang='lat' dir='ltr'>pacis</span> <span class='ocrx_word' id='word_1_50' title='bbox 629 2117 718 2172; x_wconf 88' lang='lat' dir='ltr'>recte</span> <span class='ocrx_word' id='word_1_51' title='bbox 754 2107 858 2189; x_wconf 86' lang='lat' dir='ltr'>possit</span> <span class='ocrx_word' id='word_1_52' title='bbox 889 2108 1063 2190; x_wconf 87' lang='lat' dir='ltr'>gubernari</span> <span class='ocrx_word' id='word_1_53' title='bbox 1096 2119 1131 2173; x_wconf 90' lang='lat' dir='ltr'>et</span> <span class='ocrx_word' id='word_1_54' title='bbox 1167 2110 1319 2193; x_wconf 90' lang='lat' dir='ltr'>princeps</span> 
     </span>
     <span class='ocr_line' id='line_1_11' title="bbox 166 2210 1317 2296; baseline 0.003 -21"><span class='ocrx_word' id='word_1_55' title='bbox 166 2212 340 2275; x_wconf 88' lang='lat' dir='ltr'>Romanus</span> <span class='ocrx_word' id='word_1_56' title='bbox 358 2210 463 2276; x_wconf 87' lang='lat' dir='ltr'>victor</span> <span class='ocrx_word' id='word_1_57' title='bbox 485 2212 610 2275; x_wconf 91' lang='lat' dir='ltr'>existat</span> <span class='ocrx_word' id='word_1_58' title='bbox 633 2231 700 2274; x_wconf 93' lang='lat' dir='ltr'>non</span> <span class='ocrx_word' id='word_1_59' title='bbox 722 2211 830 2275; x_wconf 92' lang='lat' dir='ltr'>solum</span> <span class='ocrx_word' id='word_1_60' title='bbox 851 2213 884 2274; x_wconf 85' lang='lat' dir='ltr'>In</span> <span class='ocrx_word' id='word_1_61' title='bbox 908 2211 1083 2277; x_wconf 91' lang='lat' dir='ltr'>hostilibus</span> <span class='ocrx_word' id='word_1_62' title='bbox 1103 2212 1242 2296; x_wconf 87' lang='lat' dir='ltr'>proeliis,</span> <span class='ocrx_word' id='word_1_63' title='bbox 1259 2214 1317 2278; x_wconf 92' lang='lat' dir='ltr'>sed</span> 
     </span>
     <span class='ocr_line' id='line_1_12' title="bbox 166 2314 1319 2399; baseline 0.001 -20"><span class='ocrx_word' id='word_1_64' title='bbox 166 2317 268 2379; x_wconf 88' lang='lat' dir='ltr'>etiam</span> <span class='ocrx_word' id='word_1_65' title='bbox 292 2335 353 2398; x_wconf 93' lang='lat' dir='ltr'>per</span> <span class='ocrx_word' id='word_1_66' title='bbox 372 2314 538 2398; x_wconf 87' lang='lat' dir='ltr'>legitimos</span> <span class='ocrx_word' id='word_1_67' title='bbox 563 2315 714 2380; x_wconf 88' lang='lat' dir='ltr'>tramites</span> <span class='ocrx_word' id='word_1_68' title='bbox 740 2315 1012 2380; x_wconf 88' lang='lat' dir='ltr'>calumniantium</span> <span class='ocrx_word' id='word_1_69' title='bbox 1044 2316 1234 2399; x_wconf 90' lang='lat' dir='ltr'>iniquitates</span> <span class='ocrx_word' id='word_1_70' title='bbox 1259 2340 1319 2382; x_wconf 91' lang='lat' dir='ltr'>ex·</span> 
     </span>
     <span class='ocr_line' id='line_1_13' title="bbox 167 2417 1318 2502; baseline 0.004 -22"><span class='ocrx_word' id='word_1_71' title='bbox 167 2419 302 2501; x_wconf 87' lang='lat' dir='ltr'>pellens,</span> <span class='ocrx_word' id='word_1_72' title='bbox 317 2427 351 2482; x_wconf 89' lang='lat' dir='ltr'>et</span> <span class='ocrx_word' id='word_1_73' title='bbox 374 2418 432 2483; x_wconf 87' lang='lat' dir='ltr'>fiat</span> <span class='ocrx_word' id='word_1_74' title='bbox 455 2428 524 2482; x_wconf 84' lang='lat' dir='ltr'>tarn</span> <span class='ocrx_word' id='word_1_75' title='bbox 547 2419 624 2482; x_wconf 90' lang='lat' dir='ltr'>iuris</span> <span class='ocrx_word' id='word_1_76' title='bbox 648 2417 911 2501; x_wconf 86' lang='lat' dir='ltr'>religiosissimus</span> <span class='ocrx_word' id='word_1_77' title='bbox 930 2439 1031 2502; x_wconf 86' lang='lat' dir='ltr'>quarn</span> <span class='ocrx_word' id='word_1_78' title='bbox 1050 2421 1144 2485; x_wconf 92' lang='lat' dir='ltr'>victis</span> <span class='ocrx_word' id='word_1_79' title='bbox 1167 2420 1318 2486; x_wconf 88' lang='lat' dir='ltr'>hostibus</span> 
     </span>
    </p>
   </div>
   <div class='ocr_carea' id='block_1_4' title="bbox 165 2521 1375 4476">
    <p class='ocr_par' dir='ltr' id='par_1_4' title="bbox 166 2521 395 2604">
     <span class='ocr_line' id='line_1_14' title="bbox 166 2521 395 2604; baseline -0.004 -20"><span class='ocrx_word' id='word_1_80' title='bbox 166 2521 395 2604; x_wconf 87' lang='lat' dir='ltr'>triumphator.</span> 
     </span>
    </p>

    <p class='ocr_par' dir='ltr' id='par_1_5' title="bbox 165 2625 1375 4476">
     <span class='ocr_line' id='line_1_15' title="bbox 211 2625 1346 2712; baseline 0.001 -23"><span class='ocrx_word' id='word_1_81' title='bbox 211 2625 361 2708; x_wconf 86' lang='lat' dir='ltr'>Quorum</span> <span class='ocrx_word' id='word_1_82' title='bbox 388 2634 563 2710; x_wconf 86' lang='lat' dir='ltr'>utramque</span> <span class='ocrx_word' id='word_1_83' title='bbox 587 2626 676 2692; x_wconf 90' lang='lat' dir='ltr'>viam</span> <span class='ocrx_word' id='word_1_84' title='bbox 706 2648 781 2692; x_wconf 92' lang='lat' dir='ltr'>cum</span> <span class='ocrx_word' id='word_1_85' title='bbox 812 2628 950 2692; x_wconf 90' lang='lat' dir='ltr'>summis</span> <span class='ocrx_word' id='word_1_86' title='bbox 979 2627 1098 2712; x_wconf 86' lang='lat' dir='ltr'>vigiliis</span> <span class='ocrx_word' id='word_1_87' title='bbox 1128 2637 1162 2692; x_wconf 93' lang='lat' dir='ltr'>et</span> <span class='ocrx_word' id='word_1_88' title='bbox 1189 2637 1346 2692; x_wconf 80' lang='lat' dir='ltr'>summat</span> 
     </span>
     <span class='ocr_line' id='line_1_16' title="bbox 166 2730 1318 2815; baseline 0.002 -23"><span class='ocrx_word' id='word_1_89' title='bbox 166 2730 373 2812; x_wconf 88' lang='lat' dir='ltr'>providentia</span> <span class='ocrx_word' id='word_1_90' title='bbox 402 2731 569 2795; x_wconf 88' lang='lat' dir='ltr'>adnuente</span> <span class='ocrx_word' id='word_1_91' title='bbox 606 2731 671 2795; x_wconf 91' lang='lat' dir='ltr'>deo</span> <span class='ocrx_word' id='word_1_92' title='bbox 701 2731 906 2814; x_wconf 83' lang='lat' dir='ltr'>perfecimus.</span> <span class='ocrx_word' id='word_1_93' title='bbox 960 2741 994 2796; x_wconf 96' lang='lat' dir='ltr'>et</span> <span class='ocrx_word' id='word_1_94' title='bbox 1025 2732 1160 2796; x_wconf 91' lang='lat' dir='ltr'>bellicos</span> <span class='ocrx_word' id='word_1_95' title='bbox 1183 2733 1318 2815; x_wconf 91' lang='lat' dir='ltr'>quidem</span> 
     </span>
     <span class='ocr_line' id='line_1_17' title="bbox 165 2833 1319 2919; baseline 0.003 -23"><span class='ocrx_word' id='word_1_96' title='bbox 165 2833 302 2897; x_wconf 87' lang='lat' dir='ltr'>sudores</span> <span class='ocrx_word' id='word_1_97' title='bbox 324 2843 455 2898; x_wconf 87' lang='lat' dir='ltr'>nostros</span> <span class='ocrx_word' id='word_1_98' title='bbox 480 2834 669 2898; x_wconf 90' lang='lat' dir='ltr'>barbaricae</span> <span class='ocrx_word' id='word_1_99' title='bbox 694 2845 811 2919; x_wconf 85' lang='lat' dir='ltr'>gentes</span> <span class='ocrx_word' id='word_1_100' title='bbox 835 2836 897 2898; x_wconf 90' lang='lat' dir='ltr'>sub</span> <span class='ocrx_word' id='word_1_101' title='bbox 922 2835 998 2918; x_wconf 86' lang='lat' dir='ltr'>iuga</span> <span class='ocrx_word' id='word_1_102' title='bbox 1022 2845 1134 2900; x_wconf 91' lang='lat' dir='ltr'>nostra</span> <span class='ocrx_word' id='word_1_103' title='bbox 1156 2837 1319 2901; x_wconf 88' lang='lat' dir='ltr'>deductae</span> 
     </span>
     <span class='ocr_line' id='line_1_18' title="bbox 165 2937 1320 3022; baseline 0.001 -20"><span class='ocrx_word' id='word_1_104' title='bbox 165 2945 369 3019; x_wconf 86' lang='lat' dir='ltr'>cognoscunt</span> <span class='ocrx_word' id='word_1_105' title='bbox 388 2947 422 3002; x_wconf 88' lang='lat' dir='ltr'>et</span> <span class='ocrx_word' id='word_1_106' title='bbox 444 2948 513 3002; x_wconf 93' lang='lat' dir='ltr'>tam</span> <span class='ocrx_word' id='word_1_107' title='bbox 530 2937 645 3001; x_wconf 80' lang='lat' dir='ltr'>Africa</span> <span class='ocrx_word' id='word_1_108' title='bbox 666 2959 767 3021; x_wconf 92' lang='lat' dir='ltr'>quam</span> <span class='ocrx_word' id='word_1_109' title='bbox 787 2938 871 3002; x_wconf 89' lang='lat' dir='ltr'>aliae</span> <span class='ocrx_word' id='word_1_110' title='bbox 888 2939 1117 3003; x_wconf 85' lang='lat' dir='ltr'>innumerosae</span> <span class='ocrx_word' id='word_1_111' title='bbox 1132 2941 1320 3022; x_wconf 87' lang='lat' dir='ltr'>provinciae</span> 
     </span>
     <span class='ocr_line' id='line_1_19' title="bbox 166 3042 1319 3125; baseline 0.002 -20"><span class='ocrx_word' id='word_1_112' title='bbox 166 3051 243 3124; x_wconf 88' lang='lat' dir='ltr'>post</span> <span class='ocrx_word' id='word_1_113' title='bbox 259 3051 352 3105; x_wconf 91' lang='lat' dir='ltr'>tanta</span> <span class='ocrx_word' id='word_1_114' title='bbox 367 3051 554 3125; x_wconf 89' lang='lat' dir='ltr'>temporum</span> <span class='ocrx_word' id='word_1_115' title='bbox 575 3042 683 3125; x_wconf 87' lang='lat' dir='ltr'>spatia</span> <span class='ocrx_word' id='word_1_116' title='bbox 704 3043 822 3106; x_wconf 91' lang='lat' dir='ltr'>nostris</span> <span class='ocrx_word' id='word_1_117' title='bbox 837 3043 980 3106; x_wconf 83' lang='lat' dir='ltr'>vIctoriis</span> <span class='ocrx_word' id='word_1_118' title='bbox 996 3064 1016 3106; x_wconf 97' lang='lat' dir='ltr'>a</span> <span class='ocrx_word' id='word_1_119' title='bbox 1035 3042 1168 3106; x_wconf 88' lang='lat' dir='ltr'>caelesti</span> <span class='ocrx_word' id='word_1_120' title='bbox 1185 3043 1319 3107; x_wconf 90' lang='lat' dir='ltr'>numine</span> 
     </span>
     <span class='ocr_line' id='line_1_20' title="bbox 165 3146 1318 3230; baseline 0.002 -22"><span class='ocrx_word' id='word_1_121' title='bbox 165 3146 332 3227; x_wconf 88' lang='lat' dir='ltr'>praestitis</span> <span class='ocrx_word' id='word_1_122' title='bbox 350 3147 467 3210; x_wconf 90' lang='lat' dir='ltr'>iterum</span> <span class='ocrx_word' id='word_1_123' title='bbox 489 3146 609 3210; x_wconf 92' lang='lat' dir='ltr'>dicioni</span> <span class='ocrx_word' id='word_1_124' title='bbox 634 3146 809 3210; x_wconf 88' lang='lat' dir='ltr'>Romanae</span> <span class='ocrx_word' id='word_1_125' title='bbox 830 3155 1008 3228; x_wconf 90' lang='lat' dir='ltr'>nostroque</span> <span class='ocrx_word' id='word_1_126' title='bbox 1031 3146 1165 3210; x_wconf 91' lang='lat' dir='ltr'>additae</span> <span class='ocrx_word' id='word_1_127' title='bbox 1181 3147 1318 3230; x_wconf 90' lang='lat' dir='ltr'>imperio</span> 
     </span>
     <span class='ocr_line' id='line_1_21' title="bbox 166 3249 1318 3333; baseline 0.002 -21"><span class='ocrx_word' id='word_1_128' title='bbox 166 3259 400 3332; x_wconf 87' lang='lat' dir='ltr'>protestantur.</span> <span class='ocrx_word' id='word_1_129' title='bbox 444 3271 561 3313; x_wconf 90' lang='lat' dir='ltr'>omnes</span> <span class='ocrx_word' id='word_1_130' title='bbox 590 3271 669 3314; x_wconf 91' lang='lat' dir='ltr'>vero</span> <span class='ocrx_word' id='word_1_131' title='bbox 700 3249 814 3333; x_wconf 91' lang='lat' dir='ltr'>populi</span> <span class='ocrx_word' id='word_1_132' title='bbox 846 3249 974 3333; x_wconf 89' lang='lat' dir='ltr'>legibus</span> <span class='ocrx_word' id='word_1_133' title='bbox 1004 3250 1070 3312; x_wconf 85' lang='lat' dir='ltr'>iarn</span> <span class='ocrx_word' id='word_1_134' title='bbox 1098 3271 1117 3312; x_wconf 87' lang='lat' dir='ltr'>a</span> <span class='ocrx_word' id='word_1_135' title='bbox 1149 3250 1243 3313; x_wconf 92' lang='lat' dir='ltr'>nobis</span> <span class='ocrx_word' id='word_1_136' title='bbox 1265 3251 1318 3314; x_wconf 87' lang='lat' dir='ltr'>vel</span> 
     </span>
     <span class='ocr_line' id='line_1_22' title="bbox 166 3353 1348 3437; baseline 0.003 -22"><span class='ocrx_word' id='word_1_137' title='bbox 166 3354 385 3437; x_wconf 87' lang='lat' dir='ltr'>promulgatis</span> <span class='ocrx_word' id='word_1_138' title='bbox 404 3354 457 3418; x_wconf 87' lang='lat' dir='ltr'>vel</span> <span class='ocrx_word' id='word_1_139' title='bbox 480 3354 671 3436; x_wconf 91' lang='lat' dir='ltr'>compositis</span> <span class='ocrx_word' id='word_1_140' title='bbox 691 3363 857 3436; x_wconf 86' lang='lat' dir='ltr'>reguntur.</span> <span class='ocrx_word' id='word_1_141' title='bbox 912 3354 958 3418; x_wconf 89' lang='lat' dir='ltr'>Et</span> <span class='ocrx_word' id='word_1_142' title='bbox 981 3373 1057 3417; x_wconf 92' lang='lat' dir='ltr'>curn</span> <span class='ocrx_word' id='word_1_143' title='bbox 1081 3353 1348 3419; x_wconf 88' lang='lat' dir='ltr'>sacratissimas2</span> 
     </span>
     <span class='ocr_line' id='line_1_23' title="bbox 166 3457 1319 3522; baseline 0.001 -2"><span class='ocrx_word' id='word_1_144' title='bbox 166 3459 419 3522; x_wconf 89' lang='lat' dir='ltr'>constitutiones</span> <span class='ocrx_word' id='word_1_145' title='bbox 445 3468 544 3521; x_wconf 88' lang='lat' dir='ltr'>antea</span> <span class='ocrx_word' id='word_1_146' title='bbox 574 3457 727 3521; x_wconf 81' lang='lat' dir='ltr'>confusas</span> <span class='ocrx_word' id='word_1_147' title='bbox 754 3459 787 3521; x_wconf 91' lang='lat' dir='ltr'>in</span> <span class='ocrx_word' id='word_1_148' title='bbox 818 3457 1019 3522; x_wconf 88' lang='lat' dir='ltr'>luculentam</span> <span class='ocrx_word' id='word_1_149' title='bbox 1049 3457 1215 3521; x_wconf 89' lang='lat' dir='ltr'>ereximus</span> <span class='ocrx_word' id='word_1_150' title='bbox 1241 3477 1319 3521; x_wconf 93' lang='lat' dir='ltr'>con·</span> 
     </span>
     <span class='ocr_line' id='line_1_24' title="bbox 166 3562 1318 3640; baseline 0.001 -16"><span class='ocrx_word' id='word_1_151' title='bbox 166 3563 362 3640; x_wconf 89' lang='lat' dir='ltr'>sonantiam,</span> <span class='ocrx_word' id='word_1_152' title='bbox 385 3571 464 3626; x_wconf 89' lang='lat' dir='ltr'>tunc</span> <span class='ocrx_word' id='word_1_153' title='bbox 488 3571 634 3626; x_wconf 87' lang='lat' dir='ltr'>nostram</span> <span class='ocrx_word' id='word_1_154' title='bbox 657 3562 870 3625; x_wconf 85' lang='lat' dir='ltr'>extendimus</span> <span class='ocrx_word' id='word_1_155' title='bbox 894 3581 1005 3625; x_wconf 88' lang='lat' dir='ltr'>curam</span> <span class='ocrx_word' id='word_1_156' title='bbox 1031 3571 1066 3625; x_wconf 89' lang='lat' dir='ltr'>et</span> <span class='ocrx_word' id='word_1_157' title='bbox 1089 3562 1132 3625; x_wconf 93' lang='lat' dir='ltr'>ad</span> <span class='ocrx_word' id='word_1_158' title='bbox 1158 3562 1318 3625; x_wconf 91' lang='lat' dir='ltr'>immensa</span> 
     </span>
     <span class='ocr_line' id='line_1_25' title="bbox 166 3664 1319 3748; baseline 0.002 -22"><span class='ocrx_word' id='word_1_159' title='bbox 166 3664 360 3747; x_wconf 88' lang='lat' dir='ltr'>prudentiae</span> <span class='ocrx_word' id='word_1_160' title='bbox 386 3666 504 3730; x_wconf 91' lang='lat' dir='ltr'>veteris</span> <span class='ocrx_word' id='word_1_161' title='bbox 528 3665 704 3743; x_wconf 87' lang='lat' dir='ltr'>volumina,</span> <span class='ocrx_word' id='word_1_162' title='bbox 729 3675 762 3730; x_wconf 91' lang='lat' dir='ltr'>et</span> <span class='ocrx_word' id='word_1_163' title='bbox 793 3686 877 3747; x_wconf 90' lang='lat' dir='ltr'>opus</span> <span class='ocrx_word' id='word_1_164' title='bbox 903 3666 1115 3748; x_wconf 90' lang='lat' dir='ltr'>desperatum</span> <span class='ocrx_word' id='word_1_165' title='bbox 1138 3666 1231 3747; x_wconf 90' lang='lat' dir='ltr'>quasi</span> <span class='ocrx_word' id='word_1_166' title='bbox 1260 3686 1319 3748; x_wconf 91' lang='lat' dir='ltr'>per</span> 
     </span>
     <span class='ocr_line' id='line_1_26' title="bbox 167 3769 1317 3852; baseline 0.002 -21"><span class='ocrx_word' id='word_1_167' title='bbox 167 3769 313 3832; x_wconf 89' lang='lat' dir='ltr'>medium</span> <span class='ocrx_word' id='word_1_168' title='bbox 330 3769 528 3852; x_wconf 81' lang='lat' dir='ltr'>profundum</span> <span class='ocrx_word' id='word_1_169' title='bbox 553 3778 668 3834; x_wconf 90' lang='lat' dir='ltr'>euntes</span> <span class='ocrx_word' id='word_1_170' title='bbox 690 3769 823 3833; x_wconf 88' lang='lat' dir='ltr'>caelesti</span> <span class='ocrx_word' id='word_1_171' title='bbox 841 3769 954 3833; x_wconf 83' lang='lat' dir='ltr'>lavore</span> <span class='ocrx_word' id='word_1_172' title='bbox 974 3770 1039 3833; x_wconf 91' lang='lat' dir='ltr'>iam</span> <span class='ocrx_word' id='word_1_173' title='bbox 1055 3769 1317 3851; x_wconf 91' lang='lat' dir='ltr'>adimplevimus.</span> 
     </span>
     <span class='ocr_line' id='line_1_27' title="bbox 167 3871 1348 3957; baseline 0.002 -22"><span class='ocrx_word' id='word_1_174' title='bbox 167 3871 320 3956; x_wconf 89' lang='lat' dir='ltr'>Cumque</span> <span class='ocrx_word' id='word_1_175' title='bbox 352 3873 416 3937; x_wconf 91' lang='lat' dir='ltr'>hoc</span> <span class='ocrx_word' id='word_1_176' title='bbox 449 3874 513 3938; x_wconf 89' lang='lat' dir='ltr'>deo</span> <span class='ocrx_word' id='word_1_177' title='bbox 545 3874 688 3957; x_wconf 89' lang='lat' dir='ltr'>propitio</span> <span class='ocrx_word' id='word_1_178' title='bbox 720 3883 890 3956; x_wconf 89' lang='lat' dir='ltr'>peractum</span> <span class='ocrx_word' id='word_1_179' title='bbox 924 3882 983 3952; x_wconf 92' lang='lat' dir='ltr'>est,</span> <span class='ocrx_word' id='word_1_180' title='bbox 1014 3873 1218 3936; x_wconf 88' lang='lat' dir='ltr'>Triboniano</span> <span class='ocrx_word' id='word_1_181' title='bbox 1248 3873 1348 3937; x_wconf 86' lang='lat' dir='ltr'>viro3</span> 
     </span>
     <span class='ocr_line' id='line_1_28' title="bbox 166 3975 1317 4061; baseline 0 -21"><span class='ocrx_word' id='word_1_182' title='bbox 166 3975 340 4060; x_wconf 86' lang='lat' dir='ltr'>magnifico</span> <span class='ocrx_word' id='word_1_183' title='bbox 371 3977 529 4061; x_wconf 87' lang='lat' dir='ltr'>magistro</span> <span class='ocrx_word' id='word_1_184' title='bbox 560 3987 594 4041; x_wconf 89' lang='lat' dir='ltr'>et</span> <span class='ocrx_word' id='word_1_185' title='bbox 624 3988 844 4060; x_wconf 89' lang='lat' dir='ltr'>exquaestore</span> <span class='ocrx_word' id='word_1_186' title='bbox 873 3976 957 4040; x_wconf 91' lang='lat' dir='ltr'>sacri</span> <span class='ocrx_word' id='word_1_187' title='bbox 985 3975 1098 4059; x_wconf 89' lang='lat' dir='ltr'>palatii</span> <span class='ocrx_word' id='word_1_188' title='bbox 1128 3977 1230 4040; x_wconf 85' lang='lat' dir='ltr'>nostri</span> <span class='ocrx_word' id='word_1_189' title='bbox 1258 3996 1317 4040; x_wconf 91' lang='lat' dir='ltr'>nec</span> 
     </span>
     <span class='ocr_line' id='line_1_29' title="bbox 166 4080 1317 4165; baseline 0 -21"><span class='ocrx_word' id='word_1_190' title='bbox 166 4100 233 4144; x_wconf 93' lang='lat' dir='ltr'>non</span> <span class='ocrx_word' id='word_1_191' title='bbox 259 4080 447 4165; x_wconf 90' lang='lat' dir='ltr'>Theophilo</span> <span class='ocrx_word' id='word_1_192' title='bbox 476 4090 511 4145; x_wconf 90' lang='lat' dir='ltr'>et</span> <span class='ocrx_word' id='word_1_193' title='bbox 538 4080 710 4145; x_wconf 90' lang='lat' dir='ltr'>Dorotheo</span> <span class='ocrx_word' id='word_1_194' title='bbox 735 4082 812 4144; x_wconf 85' lang='lat' dir='ltr'>viris</span> <span class='ocrx_word' id='word_1_195' title='bbox 842 4080 1022 4146; x_wconf 91' lang='lat' dir='ltr'>illustribus</span> <span class='ocrx_word' id='word_1_196' title='bbox 1046 4080 1317 4158; x_wconf 88' lang='lat' dir='ltr'>antecessoribus,</span> 
     </span>
     <span class='ocr_line' id='line_1_30' title="bbox 165 4183 1318 4267; baseline 0 -20"><span class='ocrx_word' id='word_1_197' title='bbox 165 4205 306 4267; x_wconf 92' lang='lat' dir='ltr'>quorum</span> <span class='ocrx_word' id='word_1_198' title='bbox 318 4186 467 4249; x_wconf 91' lang='lat' dir='ltr'>omnium</span> <span class='ocrx_word' id='word_1_199' title='bbox 482 4184 663 4249; x_wconf 86' lang='lat' dir='ltr'>sollertiam</span> <span class='ocrx_word' id='word_1_200' title='bbox 680 4195 713 4249; x_wconf 90' lang='lat' dir='ltr'>et</span> <span class='ocrx_word' id='word_1_201' title='bbox 728 4183 838 4267; x_wconf 85' lang='lat' dir='ltr'>legum</span> <span class='ocrx_word' id='word_1_202' title='bbox 854 4184 1025 4248; x_wconf 90' lang='lat' dir='ltr'>scientiam</span> <span class='ocrx_word' id='word_1_203' title='bbox 1041 4193 1074 4246; x_wconf 91' lang='lat' dir='ltr'>et</span> <span class='ocrx_word' id='word_1_204' title='bbox 1090 4184 1174 4247; x_wconf 89' lang='lat' dir='ltr'>circa</span> <span class='ocrx_word' id='word_1_205' title='bbox 1190 4194 1318 4249; x_wconf 91' lang='lat' dir='ltr'>nostras</span> 
     </span>
     <span class='ocr_line' id='line_1_31' title="bbox 165 4287 1316 4370; baseline -0.001 -19"><span class='ocrx_word' id='word_1_206' title='bbox 165 4289 327 4352; x_wconf 89' lang='lat' dir='ltr'>iussiones</span> <span class='ocrx_word' id='word_1_207' title='bbox 345 4288 447 4352; x_wconf 86' lang='lat' dir='ltr'>fidem</span> <span class='ocrx_word' id='word_1_208' title='bbox 472 4287 538 4352; x_wconf 90' lang='lat' dir='ltr'>iam</span> <span class='ocrx_word' id='word_1_209' title='bbox 563 4309 608 4352; x_wconf 91' lang='lat' dir='ltr'>ex</span> <span class='ocrx_word' id='word_1_210' title='bbox 629 4287 741 4354; x_wconf 91' lang='lat' dir='ltr'>multis</span> <span class='ocrx_word' id='word_1_211' title='bbox 766 4308 873 4351; x_wconf 91' lang='lat' dir='ltr'>rerum</span> <span class='ocrx_word' id='word_1_212' title='bbox 896 4287 1097 4370; x_wconf 87' lang='lat' dir='ltr'>argumentis</span> <span class='ocrx_word' id='word_1_213' title='bbox 1120 4288 1316 4369; x_wconf 89' lang='lat' dir='ltr'>accepimus,</span> 
     </span>
     <span class='ocr_line' id='line_1_32' title="bbox 166 4391 1375 4476; baseline -0.002 -19"><span class='ocrx_word' id='word_1_214' title='bbox 166 4392 355 4458; x_wconf 86' lang='lat' dir='ltr'>convocatis</span> <span class='ocrx_word' id='word_1_215' title='bbox 392 4391 580 4476; x_wconf 85' lang='lat' dir='ltr'>specialiter</span> <span class='ocrx_word' id='word_1_216' title='bbox 616 4392 856 4472; x_wconf 87' lang='lat' dir='ltr'>mandavimus,</span> <span class='ocrx_word' id='word_1_217' title='bbox 893 4402 930 4456; x_wconf 94' lang='lat' dir='ltr'>ut</span> <span class='ocrx_word' id='word_1_218' title='bbox 968 4400 1080 4456; x_wconf 89' lang='lat' dir='ltr'>nostra</span> <span class='ocrx_word' id='word_1_219' title='bbox 1118 4392 1317 4455; x_wconf 88' lang='lat' dir='ltr'>auctoritate</span> <span class='ocrx_word' id='word_1_220' title='bbox 1368 4462 1375 4473; x_wconf 53' lang='grc'>,</span> 
     </span>
    </p>
   </div>
   <div class='ocr_carea' id='block_1_5' title="bbox 0 0 1501 5048">
    <p class='ocr_par' dir='ltr' id='par_1_6' title="bbox 0 0 1501 5048">
     <span class='ocr_line' id='line_1_33' title="bbox 0 0 1501 5048; baseline 0 0"><span class='ocrx_word' id='word_1_221' title='bbox 0 0 1501 5048; x_wconf 95' lang='lat' dir='ltr'> </span> 
     </span>
    </p>
   </div>
  </div>
 </body>
</html>
