2986 5048
165 381 216 432 m.
232 373 284 444 14.]
499 373 561 429 ore
581 373 975 432 nanrrcxrronraus
1250 364 1313 450 587

166 549 258 603 actor
287 537 466 618 adiuvetur,
492 559 579 622 quae
608 539 728 604 dicitur
753 540 938 624 triplicatio.
993 539 1142 625 Quarum
1166 542 1345 608 omniums

167 644 401 725 exceptionum
420 663 514 705 usum
540 643 703 707 interdum
728 643 863 709 ulterius
883 665 983 728 quam
1006 646 1154 709 diximus
1173 647 1315 709 varietas

167 747 374 829 negotiorum
399 747 597 810 introducit:
634 768 717 831 quas
741 767 857 812 omnes
881 750 1026 831 apertius
1053 771 1096 813 ex
1123 749 1240 812 latiore
1266 749 1316 812 di·

166 862 334 933 gestorum
349 849 516 914 volumine
532 850 626 915 facile
642 861 693 915 est
708 872 914 935 cognoscere.
953 853 1179 935 Exceptiones
1194 862 1316 928 autem,
1329 861 1347 914 4

167 954 286 1036 quibus
316 953 446 1018 debitor
475 954 669 1033 defenditur,
699 956 894 1038 plerumque
928 957 1173 1020 accommodari
1208 955 1317 1020 solent

168 1059 269 1120 etiam
293 1056 536 1121 fideiussoribus
561 1059 647 1122 eius:
671 1069 705 1124 et
724 1069 821 1136 recte,
838 1062 923 1142 quia,
938 1060 1028 1143 quod
1049 1060 1092 1123 ab
1112 1059 1164 1122 his
1184 1059 1315 1142 petitur,

168 1162 201 1225 id
226 1161 269 1224 ab
297 1162 369 1243 ipso
395 1161 544 1225 debitore
568 1164 636 1244 peti
659 1163 797 1238 videtur,
823 1165 900 1246 quia
927 1162 1074 1228 mandati
1101 1163 1221 1226 iudicio
1245 1163 1318 1226 red·

169 1266 295 1329 diturus
319 1273 369 1328 est
392 1266 447 1342 eis,
469 1266 559 1348 quod
582 1265 616 1327 hi
640 1287 700 1349 pro
723 1289 763 1331 eo
786 1268 952 1331 solverint.
997 1288 1063 1350 qua
1086 1268 1212 1331 ratione
1234 1278 1268 1331 et
1290 1266 1317 1330 si

169 1371 212 1434 de
237 1388 301 1432 non
325 1368 469 1449 petenda
493 1371 632 1451 pecunia
657 1381 774 1453 pactus
797 1373 870 1454 quis
894 1393 969 1436 curn
993 1391 1049 1434 reo
1071 1370 1176 1447 luerit,
1194 1370 1318 1452 placuit

169 1472 307 1555 proinde
333 1473 584 1536 succurrendum
611 1494 683 1538 esse
709 1495 768 1557 per
790 1477 1020 1557 exceptionem
1047 1474 1136 1557 pacti
1167 1475 1318 1538 conventi

170 1577 234 1639 illis
256 1596 389 1658 quoque
411 1577 468 1658 qui
491 1596 552 1659 pro
578 1598 618 1641 eo
647 1579 785 1661 obligati
813 1589 931 1657 essent,
957 1599 996 1642 ac
1025 1579 1052 1641 si
1079 1587 1213 1641 etcum
1240 1578 1319 1659 ipsis

171 1690 287 1764 pactus
305 1689 400 1754 esset,
417 1700 459 1743 ne
481 1682 523 1743 ab
547 1682 594 1745 eis
616 1703 655 1745 ea
678 1683 815 1764 pecunia
836 1693 1011 1766 peteretur.
1056 1702 1135 1744 sane
1153 1683 1318 1763 quaedam

172 1783 384 1867 exceptiones
405 1804 471 1847 non
486 1784 595 1849 solent
618 1785 669 1849 his
691 1787 943 1851 accommodari.
987 1806 1064 1850 ecce
1082 1787 1169 1848 enim
1190 1785 1320 1848 debitor

172 1890 199 1952 si
217 1889 313 1951 bonis
328 1888 395 1950 suis
411 1890 545 1953 cesserit
561 1900 595 1954 et
611 1910 686 1953 cum
701 1911 742 1954 eo
763 1892 905 1955 creditor
920 1891 1116 1972 experiatur,
1133 1888 1320 1953 detenditur

171 2012 231 2074 per
261 1993 493 2073 exceptionem
525 1994 605 2056 ‘nisi
636 1994 731 2058 bonis
760 1992 932 2059 cesseritz'
965 1994 1023 2057 sed
1053 1993 1136 2057 haec
1165 1994 1320 2074 exceptio

172 2095 416 2159 fideiussoribus
439 2115 504 2159 non
523 2098 627 2175 datur,
651 2099 775 2164 scilicet
799 2101 874 2163 ideo
891 2099 979 2181 quia,
1001 2097 1055 2180 qui
1079 2096 1160 2160 alios
1183 2116 1243 2179 pro
1263 2097 1321 2160 de·

172 2200 279 2263 bitore
308 2198 444 2283 obligat,
470 2201 532 2264 hoc
563 2202 711 2266 maxime
736 2205 903 2285 prospicit,
929 2213 975 2279 ut,
1006 2222 1081 2266 cum
1111 2200 1322 2264 facultatibus

174 2302 286 2384 lapsus
300 2303 398 2368 luerit
413 2305 551 2383 debitor,
567 2308 671 2388 possit
687 2307 730 2369 ab
746 2307 796 2372 his
812 2329 896 2391 quos
912 2327 971 2390 pro
992 2327 1033 2370 eo
1051 2305 1209 2388 obligavit
1227 2324 1321 2368 suum

174 2426 340 2489 consequr.

212 2665 225 2737 ξ
241 2671 267 2721 8.
288 2669 350 2721 The
363 2685 412 2722 use
426 2667 458 2722 ol
466 2668 595 2738 exceptio
608 2669 674 2723 here
687 2668 730 2722 ior
742 2667 903 2738 duplicatio,
917 2666 1071 2737 replicatio,
1084 2676 1147 2734 etc,
1160 2664 1184 2718 is
1197 2662 1324 2734 justified

175 2751 213 2820 by
223 2751 288 2820 Dig.
297 2765 340 2818 44.
352 2767 373 2806 r.
383 2766 429 2804 2.1
446 2751 658 2821 ‘replicationes
672 2755 700 2819 (a
713 2762 784 2806 term
799 2751 948 2821 employed
960 2750 999 2819 by
1009 2749 1115 2818 Ulpian
1129 2748 1186 2802 and
1199 2747 1324 2800 lulianus

176 2834 287 2889 instead
300 2834 333 2887 oi
346 2834 509 2904 duplicatio)
523 2835 593 2889 nihil
608 2835 685 2889 aliud
702 2846 776 2904 sunt,
790 2852 875 2905 quam
892 2833 1072 2904 exceptiones
1085 2850 1103 2886 a
1114 2842 1194 2902 parte
1211 2828 1324 2895 actoris,

176 2933 250 2987 quae
262 2917 443 2986 exceptiones
456 2918 625 2988 excludunt‚'
637 2918 675 2972 ib.
685 2933 700 2971 2
711 2917 874 2988 ‘replicatio
887 2928 929 2972 est
943 2915 1083 2971 contraria
1095 2912 1235 2985 exceptio,
1244 2911 1324 2984 quasi

177 3000 350 3069 exceptionis
363 3000 509 3070 exceptio!

213 3081 227 3152 ξ
241 3087 270 3136 4.
291 3085 345 3138 See
358 3100 395 3137 on
409 3085 459 3138 Blc
474 3083 511 3139 iii.
527 3101 569 3140 20.
581 3084 599 3139 6
612 3102 687 3154 supr.
724 3085 786 3139 The
799 3083 961 3154 expression
975 3083 1003 3137 in
1016 3083 1064 3137 the
1077 3092 1134 3137 text
1148 3081 1159 3149 l
1157 3081 1327 3153 plerumque

177 3166 386 3220 accommodari
404 3166 507 3235 solent)
527 3168 551 3222 is
571 3185 648 3223 more
666 3178 773 3222 correct
790 3167 859 3221 than
872 3168 933 3221 that
951 3166 979 3221 in
996 3166 1061 3235 Dig.
1076 3180 1117 3232 44.
1135 3181 1157 3218 r.
1174 3180 1205 3233 19
1218 3165 1327 3217 ‘ornnes

177 3250 366 3320 exceptiones,
386 3267 459 3321 quae
477 3268 527 3306 reo
547 3262 719 3322 competunt,
740 3250 897 3306 fideiussori
918 3267 1038 3321 quoque,
1057 3250 1143 3304 etiarn
1162 3248 1251 3302 invito
1269 3264 1326 3316 reo,

178 3336 358 3403 competunt¹

214 3419 300 3472 Some
317 3417 499 3488 exceptiones
516 3435 565 3473 are
581 3417 644 3473 said
662 3415 710 3488 rei,
728 3418 824 3472 others
842 3433 981 3488 personae
994 3417 1164 3471 cohaerere:
1183 3415 1232 3469 the
1245 3415 1328 3469 latter

179 3504 214 3572 (e.
224 3520 250 3571 g.
272 3503 353 3557 those
374 3501 504 3557 beneficii
525 3502 733 3572 competentiae
754 3501 812 3556 and
834 3500 909 3571 pacti
932 3500 1044 3555 deuon
1067 3499 1190 3570 petendo
1212 3498 1241 3552 in
1266 3514 1328 3567 per·

179 3585 290 3653 sonam)
310 3586 383 3641 avail
405 3588 472 3654 only
490 3597 520 3640 to
541 3588 590 3641 the
611 3603 714 3656 person
736 3585 928 3654 immediately
947 3583 1125 3649 concemed;
1149 3583 1197 3637 the
1216 3583 1328 3650 former,

179 3670 270 3724 which
289 3687 337 3725 are
356 3672 405 3725 the
424 3681 536 3740 greater
552 3670 680 3737 number,
693 3686 746 3723 can
764 3669 801 3724 be
820 3668 890 3723 used
908 3669 947 3737 by
959 3669 1041 3722 other
1056 3683 1174 3736 persons
1191 3667 1252 3720 also
1265 3665 1328 3719 who

179 3770 232 3807 can
245 3754 282 3808 be
295 3753 366 3808 sued
384 3754 412 3808 in
426 3754 481 3809 lieu
500 3755 532 3809 os
545 3771 577 3808 or
590 3754 618 3808 in
636 3753 763 3807 addition
776 3762 806 3806 to
825 3752 873 3806 the
890 3768 944 3805 one
957 3751 1150 3819 immediately
1162 3749 1255 3816 liable,
1268 3765 1293 3803 e.
1301 3766 1327 3818 g.

180 3837 224 3890 his
243 3837 318 3891 heirs
337 3855 370 3892 or
388 3838 524 3893 sureties:
544 3837 740 3907 ‘exceptiones
757 3852 830 3905 quae
849 3851 987 3904 personae
1003 3833 1082 3888 cuius
1100 3834 1251 3887 cohaerent
1270 3849 1328 3886 non

180 3930 326 3975 transeunt
339 3921 377 3976 ad
390 3922 469 3990 alios,
479 3921 564 3977 veluti
578 3938 620 3989 ea,
631 3937 716 3990 quam
727 3919 820 3973 socius
834 3919 919 3972 habet
932 3916 1136 3986 exceptionem,
1147 3915 1223 3986 quod
1236 3915 1328 3970 iacere

180 4003 278 4074 possit,
296 4006 340 4059 vel
357 4022 460 4075 parens
478 4016 648 4075 patronusve
662 4002 729 4072 (Tit.
741 4001 767 4057 6.
781 4002 815 4070 38
832 4000 928 4071 supr),
946 4018 1002 4055 non
1020 3999 1154 4069 competit
1171 3996 1327 4052 fideiussori

183 4128 271 4143 .....
286 4088 325 4141 rei
339 4100 434 4143 autem
448 4091 631 4143 cohaerentes
648 4084 829 4159 exceptiones
842 4084 928 4139 etiam
942 4083 1098 4138 fideiussori
1112 4092 1285 4151 competunt,
1298 4090 1328 4134 ut

180 4170 220 4224 rei
246 4170 395 4240 iudicatae,
421 4172 478 4226 doli
503 4171 579 4240 mali,
605 4168 792 4237 iurisiurandi,
814 4168 891 4238 quod
915 4178 1008 4221 metus
1033 4183 1120 4220 causa
1144 4165 1250 4218 sactum
1275 4174 1326 4219 est.

183 4253 273 4322 Igitur
285 4263 313 4307 et
327 4254 349 4307 si
367 4273 431 4310 reus
448 4265 547 4326 pactus
565 4252 600 4308 sit
617 4252 646 4307 in
663 4270 732 4320 rem,
745 4251 910 4306 omnimodo
926 4249 1061 4320 competit
1075 4248 1202 4318 exceptio
1216 4246 1329 4302 fideius-

182 4336 257 4391 sori:
280 4336 489 4392 intercessionis
515 4353 627 4408 quoque
651 4335 788 4406 exceptio,
810 4334 878 4389 item
904 4334 980 4405 quod
1004 4333 1141 4388 libertatis
1166 4331 1328 4386 onerandae

181 4437 269 4475 causa
281 4420 392 4490 petitur,
404 4421 490 4476 etiam
504 4419 660 4475 fideiussori
674 4418 824 4489 competit'
838 4419 904 4487 Dig.
917 4433 960 4485 44.
978 4433 999 4471 1.
1012 4431 1038 4485 7.

219 4506 246 4560 lt
264 4505 288 4560 is
304 4522 341 4559 on
358 4505 406 4559 the
418 4503 555 4575 principle
568 4502 662 4558 stated
674 4502 703 4558 in
716 4503 764 4558 the
776 4510 835 4558 text
849 4500 927 4572 (quia
938 4500 986 4575 qui
1000 4500 1071 4556 alios
1084 4542 1091 4556 .
1105 4540 1112 4556 .
1126 4543 1132 4556 .
1146 4539 1153 4554 .
1166 4515 1248 4553 suum
1261 4514 1328 4553 con·
