2986 5048
251 333 314 418 368
457 342 531 398 [ΝΣ
534 343 606 398 TIT
609 344 664 399 UT
662 342 807 398 lon’urr
824 341 945 395 LIBRI
964 342 1199 412 QUATTUOR.
1282 344 1351 411 [Lib.
1364 352 1411 401 111.

220 507 392 589 sseptimo
416 508 485 571 viro
509 518 542 572 et
570 508 684 570 uxori:
708 516 825 571 octavo
851 508 1001 587 cognatis
1026 507 1289 574 manumissoris.
1336 508 1409 574 Sed

251 631 307 674 eas
330 612 464 693 quidem
487 613 650 694 praetoria
673 612 806 674 induxit
831 611 1020 675 iurisdictio.
1057 612 1152 675 nobis
1177 622 1293 675 tamen
1321 588 1441 677 nihil'

250 714 448 776 incuriosum
481 716 747 796 praetermissum
778 723 837 788 est,
867 714 925 776 sed
957 715 1077 777 nostris
1107 716 1408 779 constitutionibus

250 817 361 879 omnia
379 818 579 898 corrigentes
594 828 708 881 contra
725 817 856 881 tabulas
871 817 1006 898 quidem
1022 827 1057 881 et
1072 820 1254 882 seeundum
1271 819 1411 885 tabulas

250 921 409 983 bonorum
420 921 644 1002 possessiones
653 922 845 985 admisimus
856 931 972 1003 utpote
984 923 1184 986 necessarias
1192 925 1409 1003 constitutas,

253 1043 313 1086 nec
338 1044 403 1086 non
428 1025 472 1087 ab
499 1026 655 1090 intestato
678 1027 766 1089 unde
790 1025 881 1088 liberi
906 1037 940 1090 et
963 1027 1052 1089 unde
1079 1026 1219 1109 legitimi
1242 1028 1410 1091 bonorum

222 1129 484 1209 5p0ssessiones.
540 1129 636 1211 Quae
666 1140 777 1193 autem
806 1131 838 1192 in
864 1131 1024 1212 praetoris
1052 1130 1162 1194 edicto
1185 1132 1306 1213 quinto
1332 1132 1411 1196 loco

253 1231 361 1313 posita
382 1230 496 1306 fuerat,
513 1233 546 1295 id
568 1244 618 1297 est
639 1234 726 1297 unde
742 1234 857 1295 decem
879 1253 1048 1315 personae,
1064 1254 1139 1297 eam
1159 1234 1216 1316 pio
1235 1236 1411 1317 proposito

253 1344 286 1397 et
302 1336 535 1417 compendioso
551 1357 701 1400 sermone
717 1358 952 1420 supervacuam
968 1337 1194 1401 ostendimus:
1223 1358 1302 1401 cum
1318 1340 1410 1402 enim

253 1439 399 1520 praefata
420 1439 580 1502 bonorum
599 1442 762 1523 possessio
781 1441 896 1504 decem
919 1461 1077 1523 personas
1099 1442 1329 1523 praeponebat
1349 1462 1411 1505 ex·

254 1552 368 1605 traneo
381 1546 619 1617 manumissori,
632 1554 744 1607 nostra
759 1546 960 1619 constitutio,
973 1565 1074 1627 quam
1088 1546 1131 1608 de
1142 1544 1410 1627 emancipatione

255 1644 431 1708 liberorum
455 1646 599 1723 fecimus,
622 1649 774 1710 omnibus
796 1648 988 1730 parentibus
1013 1649 1203 1730 eisdemque
1226 1650 1411 1712 manumis-

254 1748 382 1812 soribus
397 1761 565 1815 contracta
585 1752 705 1815 fiducia
726 1752 1017 1815 manumissionem
1042 1751 1148 1816 facere
1163 1751 1265 1824 dedit,
1283 1761 1322 1816 ut
1337 1753 1412 1835 ipsa

255 1854 468 1932 manumissio
484 1877 596 1918 eorum
612 1856 675 1920 hoc
691 1858 723 1919 in
739 1877 774 1920 se
793 1855 914 1920 habeat
928 1856 1134 1939 privilegium
1151 1866 1184 1920 et
1202 1876 1411 1939 supervacua

255 1955 313 2018 fiat
344 1959 512 2039 praedicta
541 1959 701 2023 bonorum
735 1960 908 2042 possessio
961 1959 1092 2023 sublata
1128 1959 1229 2040 igitur
1258 1960 1411 2042 praefata

254 2060 370 2141 quinta
400 2062 560 2125 bonorum
590 2065 796 2146 possessione
826 2063 858 2125 in
884 2063 1023 2145 gradum
1052 2062 1121 2125 eius
1148 2072 1281 2125 sextam
1309 2072 1412 2127 antea

255 2164 417 2227 bonorum
440 2167 680 2248 possessionem
701 2166 893 2230 reduximus
917 2175 949 2229 et
973 2167 1124 2247 quintam
1142 2164 1290 2243 fecimus,
1308 2186 1411 2248 quarn

225 2274 387 2350 6praetor
402 2271 561 2352 proximis
577 2272 726 2353 cognatis
741 2271 922 2354 pollicetur.
969 2268 1121 2351 Cumque
1142 2278 1242 2333 antea
1265 2270 1411 2352 septimo

257 2370 330 2434 loco
345 2372 449 2436 fuerat
465 2375 625 2437 bonorum
640 2377 804 2457 possessio
820 2385 891 2438 tum
906 2395 1007 2456 quam
1029 2394 1073 2436 ex
1095 2372 1219 2436 familia
1238 2382 1273 2436 et
1287 2383 1411 2438 octavo

255 2477 345 2539 unde
365 2477 458 2540 liberi
479 2480 608 2559 patroni
629 2488 851 2562 patronaeque
866 2489 900 2542 et
920 2488 1074 2560 parentes
1095 2497 1216 2555 eorum,
1232 2488 1411 2561 utramque

257 2600 315 2661 per
330 2583 596 2647 constitutionem
615 2594 769 2660 nostram,
784 2604 883 2665 quam
904 2583 946 2645 de
966 2583 1034 2645 iure
1051 2590 1247 2664 patronatus
1262 2581 1411 2660 fecimus,

256 2686 386 2767 penitus
401 2688 630 2752 vacuavimus:
654 2709 730 2751 cum
749 2689 836 2751 enim
857 2688 900 2750 ad
921 2686 1170 2750 similitudinem
1190 2686 1412 2750 successionis

256 2789 473 2872 ingenuorum
499 2791 723 2857 libertinorum
748 2792 969 2855 successiones
995 2791 1172 2872 posuimus,
1194 2809 1279 2871 quas
1304 2811 1412 2872 usque

255 2895 298 2957 ad
321 2896 473 2976 quintum
497 2897 729 2960 tantummodo
754 2896 895 2978 gradum
919 2895 1146 2971 coartavimus,
1171 2902 1207 2956 ut
1230 2893 1275 2956 sit
1295 2893 1412 2976 aliqua

256 2998 341 3060 inter
356 2998 514 3079 ingenuos
533 3009 566 3062 et
588 2999 723 3063 libertos
739 2998 929 3074 differentia,
951 2998 1116 3063 sufficiunt
1135 2997 1181 3060 eis
1196 3003 1268 3059 tam
1289 3007 1411 3061 contra

255 3100 386 3163 tabulas
407 3103 568 3165 bonorum
590 3103 754 3185 possessio
773 3123 873 3183 quam
897 3102 985 3164 unde
1004 3101 1143 3183 legitimi
1164 3109 1197 3162 et
1219 3099 1311 3161 unde
1332 3120 1412 3181 cog·

255 3280 337 3333 latter
350 3280 373 3333 is
387 3280 516 3349 avoided,
529 3299 561 3335 so
574 3283 634 3335 that
648 3283 684 3335 he
697 3282 829 3336 becomes
842 3281 924 3334 heres
937 3280 973 3333 ab
987 3279 1120 3333 intestato
1132 3296 1139 3343 ;
1158 3278 1205 3330 the
1218 3276 1365 3331 institutus
1379 3276 1410 3330 in

255 3363 304 3416 the
326 3364 380 3416 will
405 3364 517 3418 obtains
542 3365 680 3419 bonorum
706 3363 849 3434 possessio
874 3363 1030 3417 secundum
1053 3361 1184 3415 tabulas:
1209 3376 1242 3413 or
1267 3376 1346 3429 upon
1371 3376 1409 3414 an

192 3486 198 3501 .
256 3444 394 3516 intestacy
408 3449 455 3501 the
469 3458 603 3517 cognates
616 3448 712 3502 obtain
726 3448 864 3501 bonorum
877 3445 1029 3515 possessio,
1040 3444 1121 3498 while
1134 3443 1213 3497 there
1227 3442 1251 3496 is
1264 3460 1282 3497 a
1295 3460 1365 3498 suus
1378 3460 1412 3498 or

257 3541 360 3599 agnate
372 3548 404 3584 ns
417 3533 507 3585 heres.
548 3530 648 3585 Under
660 3532 729 3585 such
743 3530 963 3584 circumstances
977 3546 1008 3582 as
1022 3529 1110 3594 these,
1124 3526 1147 3579 if
1157 3527 1204 3581 the
1217 3525 1304 3579 claim
1317 3526 1350 3579 of
1363 3527 1413 3580 the

258 3616 417 3686 praetorian
437 3631 583 3668 successor
604 3614 627 3669 is
649 3613 817 3667 overridden
836 3613 875 3681 by
895 3614 956 3666 that
979 3611 1011 3664 of
1025 3611 1074 3666 the
1093 3611 1184 3676 hereS,
1203 3609 1252 3663 the
1271 3608 1412 3662 bonorum

257 3699 400 3769 possessio
420 3699 442 3751 is
461 3698 524 3751 said
543 3709 572 3752 to
590 3699 626 3752 he
645 3698 706 3751 sine
725 3714 763 3765 re,
780 3713 812 3748 or
832 3694 1010 3749 ineffectual:
1031 3693 1185 3747 ‘bonorum
1204 3690 1351 3761 possessio
1364 3699 1413 3744 aut

256 3801 321 3837 cum
334 3800 363 3837 re
377 3783 466 3849 datur,
480 3790 527 3835 aut
541 3781 602 3835 sine
619 3798 666 3834 re:
686 3797 750 3834 cum
763 3797 801 3846 re,
819 3778 842 3831 si
862 3778 885 3832 is
899 3777 945 3847 qui
962 3775 1070 3847 accepit
1084 3792 1149 3829 cum
1162 3774 1264 3828 effectu
1277 3773 1356 3828 bona
1368 3790 1411 3829 re·

259 3866 365 3922 tineat:
386 3865 447 3919 sine
459 3883 498 3932 re,
511 3882 576 3918 cum
590 3863 660 3917 alius
674 3862 732 3917 iure
746 3859 818 3915 civili
832 3861 961 3915 evincere
974 3858 1160 3913 hereditatem
1173 3854 1280 3925 possit’
1293 3855 1413 3926 Ulpian,

256 3968 314 4019 reg.
328 3951 369 4004 28.
388 3963 417 4016 13
432 3967 437 4001 :
458 3947 492 4001 cf.
507 3947 594 4001 Gaius
609 3946 645 3999 iii.
660 3946 755 4015 35-38.
792 3945 854 3997 The
867 3945 926 3997 rule
940 3959 1015 4011 upon
1029 3942 1083 3995 this
1097 3951 1200 3995 matter
1213 3955 1280 4007 may
1293 3938 1330 3993 be
1344 3939 1411 3993 thus

258 4034 369 4088 stated:
389 4033 480 4086 where
499 4032 578 4084 there
598 4029 621 4082 is
640 4047 657 4083 a
676 4028 802 4082 collision
821 4027 949 4082 between
969 4026 1017 4080 the
1034 4023 1098 4079 civil
1114 4023 1171 4077 and
1184 4023 1232 4076 the
1245 4020 1409 4091 praetorias

259 4116 328 4183 title,
343 4116 390 4170 the
404 4115 487 4167 latter
499 4124 573 4166 must
592 4110 668 4180 yield
687 4120 715 4164 to
734 4111 783 4165 the
802 4111 912 4176 former,
927 4107 984 4162 and
996 4108 1031 4162 be
1045 4105 1106 4160 sine
1119 4121 1158 4173 re,
1171 4112 1271 4173 except
1286 4102 1315 4157 in
1329 4119 1411 4158 cases

258 4199 433 4253 ofbonorum
444 4195 587 4265 possessio
598 4194 664 4248 iuris
673 4193 761 4247 civilis
772 4191 957 4261 impugnandi
967 4189 1066 4260 gratia,
1075 4188 1126 4243 viz.
1137 4188 1230 4241 where
1238 4187 1288 4241 the
1298 4202 1412 4257 posses·

257 4281 320 4335 sion
334 4279 357 4333 is
370 4280 453 4349 given
463 4289 492 4333 to
505 4278 584 4333 liberi
599 4294 673 4348 upon
688 4277 833 4344 intestacy,
844 4275 900 4329 and
915 4286 943 4328 to
957 4270 1156 4342 emancipated
1168 4268 1297 4323 children
1310 4280 1411 4323 contra

258 4363 377 4431 tabulas,
388 4363 445 4417 and
459 4362 487 4417 in
501 4361 606 4417 certain
617 4360 760 4415 instances
768 4360 800 4413 of
807 4359 946 4414 bonorum
960 4354 1104 4427 possessio
1116 4352 1274 4410 secundum
1287 4350 1410 4421 tabulas,

258 4447 301 4502 for
313 4446 404 4501 which
418 4463 465 4501 see
478 4462 515 4500 on
529 4446 582 4501 Bk.
595 4444 623 4499 ii.
640 4458 677 4512 17.
692 4444 709 4501 6
722 4460 797 4516 supr.
