2986 5048
172 392 223 442 Tit.
236 385 289 457 ap]
581 386 643 441 DE
665 384 906 442 CODICILLIS.
1256 397 1320 464 309

170 559 437 625 aestimationem
474 561 544 624 eius
580 561 716 625 solvere.
771 560 926 626 Libertas
961 581 1095 645 quoque
1132 580 1226 626 servo
1262 565 1351 644 per2

171 663 463 730 fideicommissum
493 667 563 730 dari
592 677 713 749 potest,
740 675 778 731 ut
807 666 902 730 heres
936 687 1012 731 eum
1043 675 1176 751 rogetur
1204 687 1322 732 manu·

171 768 305 834 mittere
330 768 383 833 vel
416 769 593 853 legatarius
618 769 670 833 vel
700 769 1029 836 fideicommissarius.
1081 791 1143 836 nec
1173 772 1320 848 interest,

170 880 282 936 utrum
298 872 340 937 de
356 894 416 936 suo
431 874 564 956 proprio
586 882 681 937 servo
699 884 839 939 testator
854 883 957 957 roget,
972 895 1015 939 an
1033 875 1077 938 de
1092 896 1132 939 eo
1147 875 1203 959 qui
1220 875 1321 958 ipsius

170 975 301 1039 heredis
319 988 378 1041 aut
403 976 553 1060 legatarii
576 977 629 1041 vel
653 979 753 1042 etiam
782 979 931 1042 extranei
957 980 1010 1043 sit.
1063 980 1176 1063 itaque
1194 979 1321 1043 alienus

170 1099 284 1145 servus
298 1081 415 1146 redimi
431 1093 465 1146 et
480 1083 668 1147 manumitti
688 1082 807 1148 debet:
828 1084 919 1165 quod
941 1083 969 1146 si
991 1084 1146 1148 dominus
1161 1103 1237 1147 eum
1254 1104 1320 1147 non

169 1185 303 1258 vendat,
326 1184 354 1248 si
375 1186 476 1249 modo
498 1184 580 1249 nihil
603 1207 648 1249 ex
669 1186 789 1251 iudicio
811 1188 881 1250 eius
902 1187 958 1269 qui
981 1187 1111 1270 reliquit
1133 1187 1319 1252 libertatem

169 1289 327 1370 percepit,
343 1308 410 1352 non
425 1289 538 1354 statim
558 1290 764 1373 extinguitur
777 1290 1078 1354 fideicommissaria
1100 1291 1243 1366 libertas,
1260 1293 1320 1354 sed

169 1390 330 1467 differtur,
345 1393 423 1474 quia
444 1394 550 1477 possit
569 1403 719 1475 tempore
740 1395 949 1476 procedente,
971 1394 1170 1477 ubicumque
1191 1394 1321 1458 occasio

170 1495 353 1560 redimendi
390 1498 474 1561 servi
504 1496 610 1573 fuerit,
648 1499 806 1580 praestari
837 1497 980 1561 libertas.
1036 1498 1092 1580 qui
1128 1506 1242 1562 autem
1275 1516 1320 1561 ex

169 1618 271 1662 causa
293 1598 537 1664 fideicommissi
558 1601 811 1680 manumittitur,
834 1620 901 1664 non
925 1601 1094 1665 testatoris
1114 1599 1153 1664 fit
1174 1600 1320 1680 libertus,

170 1702 301 1766 etiamsi
324 1705 492 1768 testatoris
515 1724 626 1767 servus
651 1705 703 1783 sit,
724 1706 783 1769 sed
807 1705 877 1768 eius
896 1705 953 1787 qui
979 1703 1202 1767 manumittit:
1225 1704 1320 1776 atis,

169 1807 227 1890 qui
250 1808 375 1872 directo
397 1817 599 1873 testamento
619 1808 702 1873 liber
724 1829 794 1873 esse
817 1810 957 1884 iubetur,
973 1809 1073 1891 ipsius
1095 1808 1264 1873 testatoris
1281 1807 1321 1871 fit

169 1910 315 1988 libertus,
330 1913 387 1994 qui
402 1912 505 1975 etiam
520 1913 649 1977 orcinus
669 1912 865 1995 appellatur.
911 1933 972 1976 nec
987 1912 1072 1977 alius
1087 1911 1172 1975 ullus
1186 1912 1312 1976 directo

171 2032 216 2078 ex
241 2023 443 2079 testamento
468 2014 656 2080 libertatem
681 2014 803 2080 habere
830 2025 950 2098 potest,
971 2034 1072 2099 quam
1096 2016 1153 2097 qui
1180 2024 1321 2098 utroque

169 2128 322 2203 tempore
341 2121 508 2185 testatoris
528 2120 636 2198 luerit,
651 2132 685 2187 et
706 2142 773 2204 quo
794 2121 916 2185 faceret
938 2130 1175 2186 testamentum
1196 2128 1231 2184 et
1252 2140 1320 2203 quo

170 2233 362 2288 moreretur.
415 2225 541 2289 directo
567 2235 679 2290 autem
709 2225 843 2290 libertas
872 2234 950 2289 tunc
980 2227 1051 2290 dari
1081 2226 1218 2303 videtur,
1243 2244 1320 2290 cum
1440 2250 1442 2255 ¹

169 2349 237 2393 non
276 2330 320 2394 ab
352 2329 419 2393 alio
455 2349 585 2394 servum
615 2331 805 2394 manumitti
835 2339 938 2413 rogat,
968 2333 1027 2395 sed
1056 2329 1148 2394 velut
1179 2351 1225 2394 ex
1258 2349 1320 2394 suo

169 2443 372 2499 testamento
404 2433 594 2498 libertatem
631 2435 661 2497 ei
697 2444 888 2518 competere
920 2433 1002 2498 vult.
1056 2434 1169 2499 Verba
1205 2439 1350 2499 autema

169 2534 497 2601 fideicommissorum
513 2537 595 2601 haec
614 2539 762 2601 maxime
777 2540 810 2602 in
826 2559 886 2601 usu
901 2537 1100 2603 habeantur:
1123 2545 1212 2619 peto,
1229 2557 1319 2619 rogo,

167 2640 255 2717 volo,
286 2641 419 2716 mando,
452 2640 530 2707 fidei
560 2650 637 2706 tuae
670 2643 854 2707 committo.
909 2662 995 2724 quae
1025 2641 1160 2724 perinde
1189 2640 1319 2725 singula

168 2744 265 2810 firma
287 2755 373 2825 sunt,
389 2756 491 2830 atque
511 2747 539 2810 si
560 2747 673 2811 omnia
695 2749 728 2811 in
751 2767 854 2810 unum
878 2755 1035 2829 congesta
1058 2754 1176 2810 essent.

689 2954 801 3019 XXV.

595 3120 647 3173 DE
673 3120 893 3173 CODICILLIS.

212 3262 307 3328 Ante
321 3262 468 3348 Augusti
490 3272 642 3346 tempora
665 3274 795 3329 constat
818 3266 867 3329 ius
889 3264 1113 3329 codicillorum
1129 3284 1194 3328 non
1210 3263 1318 3343 fuisse,

168 3368 229 3433 sed
255 3366 380 3450 primus
403 3366 525 3432 Lucius
548 3367 721 3445 Lentulus,
744 3389 788 3432 ex
813 3369 904 3432 cuius
932 3388 1073 3451 persona
1099 3367 1200 3432 etiam
1226 3367 1319 3432 fidei·

168 3472 346 3536 commissa
369 3484 555 3554 coeperunt,
584 3473 753 3537 oodicillos
780 3473 973 3538 introduxit.
1016 3492 1096 3536 nam
1121 3492 1198 3536 cum
1222 3472 1319 3537 doce·

167 3577 262 3641 deret
290 3578 324 3640 in
347 3575 471 3652 Africa,
496 3577 625 3659 scripsit
662 3578 829 3642 codicillos
864 3585 1067 3641 testamento
1095 3576 1317 3651 confirmatos,

167 3764 312 3837 queathed
323 3774 354 3820 to
365 3782 384 3819 a
396 3780 493 3820 servus
506 3764 614 3820 alienus
627 3766 676 3820 the
688 3776 795 3821 master
807 3765 890 3820 could
903 3776 952 3821 not
965 3766 1058 3821 rehrse
1070 3774 1100 3820 to
1113 3764 1164 3819 seli
1177 3763 1236 3818 him
1250 3763 1274 3818 is
1282 3765 1319 3819 he

166 3847 228 3904 had
239 3848 324 3904 taken
343 3864 401 3917 any
411 3849 517 3904 benefit
531 3850 571 3919 by
583 3850 631 3905 the
648 3852 789 3904 testator’s
808 3849 938 3918 decease,
952 3849 1023 3905 eod.
1036 3849 1060 3903 6.
1077 3861 1118 3918 50.
1134 3862 1144 3902 r
1149 3863 1174 3916 3,
1195 3847 1260 3917 Dig.
1274 3862 1317 3914 40.

169 3944 195 4003 ς.
210 3946 250 4002 πᾳ
267 3946 290 3987 r.
327 3930 366 4001 (2)
387 3931 435 3986 No
447 3932 699 3987 fideicommissum
716 3934 801 3989 could
813 3934 850 3988 be
861 3932 1107 4003 validlyimposed
1120 3948 1157 3985 on
1174 3931 1222 3985 the
1235 3929 1318 4000 ‘legi-

166 4015 240 4071 tima
250 4016 332 4087 pars’
345 4015 415 4070 Cod
430 4029 455 4084 3.
468 4016 509 4070 28.
524 4030 557 4084 32
570 4034 577 4084 ;
595 4015 634 4072 ib.
647 4017 690 4086 36.
701 4034 742 4088 pr.
756 4016 813 4071 and
829 4031 853 4071 1.
1131 4074 1136 4089 ⁸

205 4095 262 4169 §²-
282 4098 337 4154 See
354 4099 508 4170 preceding
524 4109 600 4156 nore.
639 4102 672 4154 ln
686 4100 784 4155 Gaius’
796 4099 865 4155 time
877 4101 926 4154 the
942 4097 1046 4154 refusal
1059 4097 1092 4153 oi
1104 4099 1153 4153 the
1169 4106 1277 4152 master
1287 4104 1318 4151 ro

167 4181 221 4238 sen
237 4196 255 4235 a
272 4181 351 4237 slave
362 4191 393 4236 to
405 4183 499 4236 whom
516 4200 534 4237 a
549 4192 669 4238 testator
680 4183 739 4238 had
755 4182 935 4255 bequeatbed
947 4183 1074 4237 freedom
1092 4182 1131 4250 by
1143 4198 1161 4235 a
1173 4179 1317 4235 fideicom-

166 4265 287 4322 missum
300 4266 358 4320 bad
370 4265 442 4320 been
456 4266 524 4321 fatal
536 4276 566 4321 to
582 4266 631 4322 the
644 4266 831 4337 disposition:
851 4266 890 4321 ‘si
904 4265 1036 4320 dominus
1053 4282 1119 4320 eum
1133 4281 1191 4319 non
1203 4263 1317 4334 vendat,

166 4364 238 4404 sane
255 4346 427 4419 extinguitur
444 4347 568 4419 libertas,
582 4349 649 4421 quia
667 4366 720 4420 pro
737 4350 868 4406 libertate
886 4348 968 4421 pretii
987 4347 1163 4420 computatio
1179 4349 1259 4403 nulla
1276 4346 1318 4403 in·

165 4430 303 4488 terrenit’
314 4430 343 4486 ii.
355 4432 416 4502 265.

201 4515 263 4571 mc
275 4514 377 4573 m.
397 4515 492 4572 When
504 4515 564 4572 first
577 4516 744 4588 recognised
756 4532 790 4573 as
801 4514 921 4587 binding
933 4515 1023 4572 under
1034 4514 1188 4586 Augustus,
1197 4512 1317 4570 codicilli
