2986 5048
164 365 214 414 τη,
230 358 268 426 6]
555 359 616 415 DE
636 359 904 419 ACTIONIBUS.
1251 369 1315 444 537

164 544 250 606 quae
272 523 305 586 in
329 543 502 606 personam
526 536 611 603 sunt,
633 524 696 590 hae
718 526 852 609 quidem
875 547 962 610 quae
984 548 1027 591 ex
1051 537 1221 592 contractu
1241 549 1316 593 nas·

165 636 283 691 cuntur
312 625 379 691 fere
410 648 526 691 omnes
554 632 598 692 rei
626 633 874 713 persequendae
904 651 1003 695 causa
1029 641 1240 714 comparatae
1269 633 1317 695 vi·

165 732 303 794 dentur:
333 731 434 794 veluti
461 733 580 814 quibus
608 745 756 797 mutuam
783 737 955 816 pecuniam
983 734 1035 798 vel
1062 736 1095 798 in
1122 736 1316 819 stipulatum

164 834 345 898 deductam
360 836 445 916 petit
461 846 562 911 actor,
579 838 659 901 item
680 839 893 916 commodati,
914 840 1065 921 depositi,
1083 840 1238 917 mandati,
1257 861 1317 922 pro

166 938 264 1014 socio,
290 959 334 1001 ex
357 949 471 1020 empto
493 940 637 1016 vendito,
662 941 771 1006 locato
794 942 967 1006 conducto.
1005 942 1104 1024 plane
1126 945 1152 1007 si
1175 943 1317 1026 depositi

165 1052 283 1124 agetur
307 1063 347 1105 eo
371 1044 513 1118 nomine,
540 1046 630 1126 quod
657 1045 820 1109 tumultus
846 1046 987 1110 Incendii
1015 1046 1127 1110 ruinae
1157 1045 1317 1130 naufragii

166 1165 263 1209 causa
288 1147 476 1228 depositum
499 1148 551 1225 sit,
574 1149 605 1210 in
629 1148 767 1231 duplum
793 1148 957 1213 actionem
986 1160 1119 1232 praetor
1145 1151 1261 1225 reddit,
1289 1150 1317 1213 si

167 1250 269 1313 modo
285 1270 358 1313 cum
375 1251 448 1332 ipso
459 1252 547 1333 apud
563 1271 663 1333 quem
679 1252 869 1334 depositum
885 1254 928 1316 sit
946 1264 1005 1317 aut
1020 1273 1095 1316 cum
1111 1252 1233 1317 herede
1248 1255 1317 1317 eius

167 1374 210 1417 ex
227 1353 305 1417 dolo
320 1355 422 1436 ipsius
437 1357 562 1436 agitur:
586 1375 652 1436 quo
667 1375 744 1418 casu
761 1357 868 1420 mixta
884 1367 935 1421 est
950 1356 1045 1420 actio.
1078 1357 1133 1419 Ex
1149 1357 1317 1421 maleficiis
1332 1360 1366 1414 18

165 1478 243 1520 vero
274 1460 425 1540 proditae
456 1459 604 1523 actiones
634 1459 718 1523 aliae
752 1470 881 1524 tantum
913 1480 1041 1542 poenae
1073 1462 1318 1543 persequendae

166 1581 265 1625 causa
295 1573 506 1643 comparatae
536 1573 622 1637 sunt,
647 1563 731 1626 aliae
761 1574 829 1628 tam
858 1585 987 1646 poenae
1013 1585 1113 1646 quam
1139 1566 1182 1628 rei
1207 1585 1319 1646 perse·

163 1665 315 1747 quendae
338 1676 372 1730 et
394 1667 437 1729 ob
460 1667 493 1730 id
518 1667 644 1730 mixtae
667 1678 752 1731 sunt
789 1689 931 1750 poenam
955 1680 1084 1732 tantum
1108 1669 1317 1751 persequitur

167 1771 241 1852 quis
263 1772 393 1834 actione
415 1770 510 1834 furti:
537 1772 604 1834 sive
622 1772 710 1834 enim
734 1771 897 1835 manifesti
920 1782 1038 1854 agatur
1052 1771 1226 1855 quadrupli
1249 1775 1318 1836 sive

168 1894 228 1937 nec
255 1873 419 1937 manifesti
442 1873 544 1957 dupli,
570 1876 612 1939 de
636 1874 707 1938 sola
727 1896 834 1958 poena
856 1877 986 1958 agitur:
1016 1896 1093 1939 nam
1120 1876 1224 1958 ipsam
1249 1895 1317 1939 rem

168 1978 299 2059 propria
314 1979 445 2043 actione
462 1979 669 2062 persequitur
683 1980 765 2062 quie,
782 1980 815 2044 id
831 1990 882 2043 est
902 2000 996 2043 suam
1016 2000 1088 2042 esse
1108 1990 1232 2061 petens,
1250 1981 1319 2041 slve

168 2079 220 2142 fur
242 2082 312 2162 ipse
334 2103 408 2145 eam
432 2103 501 2145 rem
526 2083 703 2165 possideat,
727 2085 796 2146 sive
818 2083 903 2148 alius
924 2083 1080 2166 quilibet:
1111 2103 1150 2145 eo
1177 2083 1319 2165 amplius

167 2185 324 2248 adversus
347 2187 451 2249 furem
476 2188 575 2251 etiam
599 2188 763 2251 condictio
786 2189 914 2251 estrei.
960 2186 1003 2250 Vi
1022 2197 1133 2250 autem
1156 2186 1318 2249 bonomm
1334 2195 1367 2250 19

168 2299 337 2369 raptorum
364 2292 452 2354 actio
480 2292 587 2354 mixta
613 2300 671 2363 est,
699 2292 776 2373 quia
801 2291 832 2353 in
855 2290 1042 2373 quadruplo
1066 2291 1111 2353 rei
1135 2291 1319 2373 persecutio

169 2394 363 2469 continetur,
379 2414 487 2475 poena
502 2404 615 2458 autem
630 2394 719 2477 tripli
736 2405 797 2458 est.
835 2396 892 2458 sed
910 2404 943 2457 et
962 2393 1044 2475 legis
1059 2393 1216 2475 Aquiliae
1233 2395 1319 2457 actio

169 2495 211 2557 de
235 2496 358 2560 damno
385 2499 493 2561 mixta
517 2508 576 2574 est,
603 2518 668 2561 non
695 2498 801 2562 solum
826 2499 853 2560 si
880 2498 1037 2561 adversus
1062 2496 1258 2560 infitiantem
1287 2498 1319 2559 in

168 2599 307 2681 duplum
330 2611 455 2684 agatur,
472 2603 529 2665 sed
554 2603 718 2665 interdum
742 2611 775 2665 et
797 2602 824 2664 si
847 2602 879 2664 in
904 2600 1060 2683 simplum
1078 2601 1219 2683 quisque
1239 2601 1320 2682 agit.

168 2702 270 2767 veluti
286 2704 312 2767 si
333 2705 407 2787 quis
429 2706 597 2769 hominem
621 2706 774 2769 claudum
796 2715 853 2768 aut
876 2704 1004 2767 luscum
1028 2704 1192 2777 occiderit,
1208 2705 1264 2785 qui
1286 2705 1319 2766 in

169 2827 209 2869 eo
224 2826 312 2871 anno
336 2810 464 2891 integer
479 2819 512 2872 et
533 2811 643 2892 magni
660 2811 756 2892 pretii
775 2809 889 2872 fuerit:
912 2809 996 2871 tanti
1020 2808 1107 2869 enim
1133 2808 1319 2881 damnatur,

168 2912 282 2991 quanti
299 2912 326 2974 is
346 2911 447 2975 homo
468 2914 500 2975 in
523 2934 561 2976 eo
581 2933 668 2976 anno
691 2913 822 2994 plurimi
843 2912 949 2988 fuerit,
965 2912 1145 2974 secundum
1169 2912 1235 2973 iam
1255 2921 1320 2974 tra-

169 3015 273 3077 ditam
289 3016 494 3080 divisionem.
532 3017 612 3080 item
629 3017 735 3080 mixta
751 3026 801 3080 est
816 3017 902 3080 actio
924 3025 1037 3079 contra
1054 3035 1119 3090 eos,
1134 3015 1190 3096 qui
1207 3015 1320 3078 relicta

168 3120 386 3183 sacrosanctis
412 3120 558 3183 ecclesiis
584 3120 635 3183 vel
665 3120 737 3184 aliis
763 3119 1005 3184 venerabilibus
1033 3117 1113 3181 locis
1146 3118 1245 3198 legati
1268 3118 1320 3181 vel

168 3221 412 3285 fideicommissi
430 3225 561 3287 nomine
584 3226 663 3287 dare
683 3225 868 3288 distulerint
887 3244 990 3305 usque
1009 3223 1102 3300 adeo,
1117 3233 1153 3286 ut
1171 3223 1269 3284 etiam
1287 3222 1320 3285 in

169 3326 324 3390 iudicium
341 3338 550 3390 vocarentur:
574 3339 653 3392 tunc
669 3329 792 3392 etenim
808 3337 841 3391 et
863 3328 968 3410 ipsam
986 3346 1054 3389 rem
1072 3325 1123 3388 vel
1146 3326 1319 3407 pecuniam

170 3450 255 3511 quae
271 3430 383 3493 relicta
399 3441 449 3494 est
464 3433 543 3494 dare
559 3432 800 3514 compelluntur
815 3442 850 3496 et
870 3432 959 3496 aliud
981 3440 1111 3494 tantum
1130 3449 1189 3511 pro
1205 3450 1320 3511 poena,

170 3544 204 3597 et
219 3534 293 3596 ideo
309 3534 342 3596 in
357 3535 497 3616 duplum
514 3537 583 3598 eius
600 3535 636 3598 fit
652 3536 896 3600 condemnatio

1124 3670 1321 3680 ——-.-.-

171 3739 365 3809 persequimur
378 3740 454 3810 quod
467 3758 501 3795 ex
514 3739 684 3810 patrimonio
696 3741 793 3795 abest’
807 3740 872 3807 Dig.
883 3755 927 3806 44.
938 3753 962 3805 7.
974 3753 989 3806 3
993 3751 1006 3808 5
1021 3759 1027 3803 ;
1046 3739 1113 3805 they
1123 3755 1170 3791 are
1184 3735 1322 3804 designed

171 3823 277 3892 merely
290 3834 319 3877 to
332 3823 442 3877 redress
455 3824 513 3877 and
530 3824 614 3878 make
627 3824 786 3893 reparation
803 3824 847 3876 for
858 3825 907 3878 the
921 3840 1016 3892 wrong
1034 3823 1072 3891 by
1083 3820 1176 3874 which
1195 3821 1261 3887 they
1274 3836 1322 3873 are

171 3905 262 3961 called
283 3906 343 3960 into
361 3906 514 3976 operation.
554 3909 611 3961 For
627 3907 788 3977 depositum
802 3905 962 3960 miserabile
981 3923 1029 3959 see
1042 3921 1070 3973 p.
1085 3905 1136 3972 384
1147 3920 1222 3972 supr.
1259 3902 1322 3957 The

172 3991 346 4044 contractual
365 3990 440 4044 actio
456 3990 641 4045 redhibitoria
655 3996 694 4061 (p.
704 4004 756 4057 423
767 3990 854 4060 supr.)
869 4007 926 4043 was
937 3990 998 4042 also
1011 3988 1104 4058 penal,
1114 3987 1179 4056 Dig.
1190 4000 1231 4039 21.
1247 4000 1268 4038 ι.
1279 3998 1323 4053 45,

172 4073 229 4128 and
242 4092 275 4128 so
288 4085 335 4128 too
349 4092 406 4127 was
420 4075 467 4128 the
480 4074 573 4128 action
587 4074 668 4144 quasi
681 4092 715 4127 ex
729 4083 874 4127 contractu
888 4072 996 4143 spoken
1010 4071 1043 4125 of
1052 4071 1080 4124 in
1095 4067 1108 4139 ξ
1128 4084 1159 4138 19
1171 4069 1209 4123 ad
1223 4068 1269 4122 fin.

209 4156 223 4228 ξ
237 4162 284 4212 18.
304 4160 326 4213 F
329 4176 361 4212 or
373 4159 421 4212 the
434 4157 509 4211 actio
521 4157 586 4212 furti
600 4175 648 4212 see
661 4174 688 4228 p.
705 4169 753 4226 505
768 4174 842 4226 supr.

209 4242 281 4312 §la
303 4243 360 4294 For
371 4242 419 4296 the
433 4240 557 4294 ‘mixed’
570 4242 717 4295 character
735 4240 768 4293 of
782 4240 831 4294 the
849 4237 959 4293 actions
979 4254 1016 4291 on
1034 4235 1060 4290 vi
1079 4237 1155 4291 bona
1171 4243 1252 4304 rapta
1265 4232 1323 4287 and

171 4327 308 4381 damnum
332 4324 431 4379 iniuria
450 4325 549 4378 datum
570 4326 605 4378 cf.
623 4324 679 4379 Tit.
698 4339 722 4379 2.
740 4341 790 4394 pr,
803 4323 859 4376 Tit.
873 4337 929 4390 3.9
948 4339 1023 4392 supr.
1046 4320 1103 4374 and
1126 4328 1215 4372 notes.
1261 4317 1324 4370 The

173 4411 256 4464 latter
274 4407 366 4463 would
387 4409 423 4462 be
443 4408 548 4477 merely
567 4408 606 4462 rei
628 4406 820 4477 persecutoria
840 4406 864 4459 if
881 4406 929 4459 the
947 4403 1102 4458 defendant
1121 4399 1260 4456 admitted
1279 4398 1324 4454 his

173 4491 292 4564 liability
305 4492 333 4547 in
351 4493 398 4547 tbe
415 4492 539 4547 abstract
554 4489 580 4562 (ᾗ
595 4492 629 4545 26
643 4489 712 4561 ini),
724 4491 772 4546 the
791 4488 925 4544 iudicium
942 4487 1028 4556 being
1041 4486 1130 4554 solely
1142 4484 1184 4540 for
1198 4484 1245 4538 the
1258 4498 1322 4552 pur-
