2986 5048
225 378 288 443 194
426 366 575 423 INSTIT
578 364 633 421 UT
631 365 779 421 IONUM
796 364 915 421 LIBRI
935 364 1170 437 QUATTUOR.
1267 365 1373 432 [Lintt.

222 542 308 598 sunt.
338 533 457 616 quodsi
482 552 559 596 casu
584 531 617 594 id
645 530 790 594 mixtum
816 528 914 594 fuerit
937 529 990 592 vel
1016 529 1125 594 Titius
1149 529 1181 592 id
1205 528 1372 592 miscuerit

223 637 294 703 sine
316 636 487 700 voluntate
509 644 576 712 tua,
596 653 663 697 non
685 633 817 697 videtur
839 654 1014 697 commune
1037 654 1118 708 esse,
1142 633 1219 715 quia
1244 630 1374 714 singula

222 760 360 823 corpora
379 741 412 802 in
434 760 494 803 sua
514 737 699 802 substantia
714 738 835 801 durant
850 757 910 802 nec
926 739 1031 820 magis
1048 738 1118 801 istis
1133 736 1264 800 casibus
1280 755 1372 799 com-

222 864 324 909 mune
346 842 384 907 fit
406 842 618 919 frumentum,
634 861 734 922 quam
755 862 839 924 grex
858 841 1043 905 communis
1066 861 1138 904 esse
1161 839 1373 921 intellegitur,

221 949 249 1011 si
266 967 384 1030 pecora
407 946 488 1010 Titii
509 946 574 1010 tuis
593 945 765 1027 pecoribus
788 946 896 1008 mixta
912 945 1051 1009 fuerint:
1075 945 1134 1009 sed
1157 945 1185 1008 si
1207 944 1251 1007 ab
1273 943 1372 1007 alter-

222 1061 298 1115 utro
313 1060 459 1114 vestmm
483 1050 516 1114 id
539 1058 647 1113 totum
669 1049 870 1112 frumentum
892 1050 1078 1126 retineatur,
1094 1050 1128 1111 in
1147 1068 1215 1110 rem
1237 1047 1372 1129 quidem

221 1156 310 1219 actio
335 1174 395 1236 pro
419 1154 520 1217 modo
544 1152 697 1216 immenti
720 1152 879 1233 cuiusque
901 1163 1080 1234 competat,
1104 1152 1239 1215 arbitrio
1258 1160 1371 1213 autem

222 1258 337 1321 iudicis
358 1257 553 1333 continetur,
578 1265 615 1319 ut
637 1256 664 1320 is
687 1256 852 1330 aestimet,
868 1255 966 1337 quale
988 1257 1147 1336 cuiusque
1168 1254 1372 1317 frumentum
1405 1323 1406 1326 Ἴ

173 1361 327 1425 29fuerit.
384 1359 469 1423 Cum
506 1360 541 1422 in
578 1379 638 1424 suo
671 1358 743 1423 solo
779 1358 899 1441 aliquis
938 1358 1047 1423 aliena
1085 1359 1224 1422 materia
1258 1356 1372 1420 aedifi-

222 1466 353 1544 caverit,
380 1465 452 1546 ipse
476 1465 629 1528 dominus
655 1462 857 1544 intellegitur
880 1463 1028 1540 aedificii,
1055 1463 1133 1544 quia
1155 1481 1255 1525 omne
1280 1461 1371 1543 quod

221 1567 449 1632 inaedificatur
478 1568 550 1631 solo
580 1567 679 1631 cedit.
720 1586 781 1630 nec
811 1575 925 1629 tamen
956 1567 1031 1629 ideo
1062 1566 1098 1641 is,
1126 1565 1183 1647 qui
1214 1564 1372 1628 materiae

220 1673 375 1736 dominus
391 1672 506 1748 fuerat,
518 1670 639 1734 desinit
652 1672 722 1735 cius
735 1669 889 1734 dominus
905 1690 996 1734 esse:
1019 1670 1078 1733 sed
1090 1669 1252 1750 tantisper
1264 1688 1372 1749 neque

218 1775 385 1839 vindicare
407 1794 481 1837 eam
504 1783 616 1856 potest
640 1793 747 1855 neque
771 1775 814 1837 ad
839 1773 1065 1837 exhibendum
1088 1775 1131 1837 de
1154 1793 1193 1835 ea
1214 1792 1248 1835 re
1272 1791 1371 1854 agere

220 1888 356 1962 propter
385 1878 494 1960 legem
525 1878 701 1941 duodecim
730 1876 930 1950 tabulamm,
958 1897 1024 1959 qua
1053 1886 1195 1953 cavetur,
1225 1895 1266 1939 ne
1296 1876 1371 1957 quis

219 1983 350 2067 tignum
367 1981 511 2046 alienum
526 1982 665 2046 aedibus
688 1981 754 2044 suis
778 1981 961 2046 iniunctum
978 1981 1124 2045 eximere
1147 1991 1293 2062 cogatur,
1310 1980 1370 2043 sed

219 2085 359 2168 duplum
379 2106 440 2167 pro
461 2106 501 2149 eo
521 2095 667 2168 praestet
686 2106 745 2167 per
762 2086 927 2149 actionem
950 2106 1036 2167 quae
1053 2094 1191 2148 vocatur
1212 2086 1255 2147 de
1277 2083 1371 2165 tigno

220 2189 332 2251 iuncto
344 2184 580 2272 (appellatione
595 2198 707 2252 autem
724 2189 805 2272 tigni
823 2189 931 2251 omnis
947 2189 1085 2252 materia
1097 2186 1309 2270 significatur,
1326 2206 1370 2249 ex

221 2311 287 2372 qua
303 2290 451 2354 aedificia
467 2287 583 2378 fiunt):
607 2293 697 2374 quod
719 2293 795 2356 ideo
814 2293 982 2374 provisum
1006 2301 1066 2366 est,
1086 2312 1127 2354 ne
1148 2289 1299 2354 aedificia
1320 2309 1371 2353 re·

220 2395 323 2459 scindi
347 2414 481 2458 necesse
504 2396 557 2459 sit.
588 2397 646 2460 sed
669 2396 695 2461 si
717 2394 827 2478 aliqua
850 2417 894 2460 ex
918 2416 1016 2460 causa
1035 2397 1181 2461 dirutum
1198 2395 1240 2456 sit
1256 2392 1371 2457 aedifi·

219 2497 316 2576 cium,
341 2499 464 2580 poterit
490 2500 648 2563 materiae
678 2500 842 2578 dominus,
865 2501 892 2564 si
918 2519 984 2562 non
1011 2499 1109 2562 fuerit
1137 2497 1276 2580 duplum
1303 2498 1370 2560 iam

171 2619 206 2675 30
219 2612 417 2684 persecutus,
433 2611 512 2666 tunc
528 2623 603 2666 eam
621 2604 787 2668 vindicare
803 2606 893 2668 etad
910 2603 1138 2667 exhibendum
1159 2622 1267 2684 agere.
1313 2600 1370 2663 Ex

218 2705 347 2768 diverso
363 2705 390 2768 si
407 2706 481 2787 quis
497 2706 530 2768 in
545 2705 654 2770 alieno
671 2706 741 2770 solo
757 2728 817 2771 sua
835 2708 973 2770 materia
984 2709 1122 2770 domum
1138 2703 1369 2776 aedificaverit,

253 2909 331 2974 529.
352 2912 377 2964 lt
391 2910 484 2964 would
502 2928 579 2965 seem
596 2911 658 2966 that
671 2911 719 2966 the
732 2910 876 2966 materials
889 2928 963 2965 were
982 2910 1010 2965 in
1030 2909 1086 2965 this
1105 2926 1172 2963 case
1188 2909 1297 2979 subject
1311 2917 1340 2962 to
1353 2923 1372 2962 a

216 2991 320 3046 double
334 2993 510 3064 ownership:
530 2994 578 3048 the
590 3010 693 3063 person
707 3005 736 3049 to
749 2996 841 3048 whom
854 2996 922 3064 they
934 2993 1076 3064 belonged
1093 2993 1190 3048 before
1202 2992 1288 3061 being
1299 2991 1371 3045 used

216 3074 260 3128 for
269 3075 397 3145 building
410 3077 480 3131 ‘non
493 3077 596 3131 desinit
610 3077 741 3133 dominus
754 3078 815 3132 eius
827 3080 908 3146 esse,'
920 3078 977 3132 and
990 3088 1036 3147 yet
1049 3078 1097 3132 the
1106 3074 1371 3131 builder‘dominus

216 3157 380 3228 intelligitur
393 3160 522 3229 aedificii,
535 3160 602 3230 quia
614 3178 699 3215 omne
712 3162 788 3232 quod
803 3161 998 3216 inaedificatur
1013 3161 1074 3215 solo
1093 3159 1185 3214 cedit)
1221 3159 1284 3212 The
1297 3158 1371 3212 solu·

215 3242 276 3295 tion
289 3244 322 3295 uf
330 3244 378 3298 the
391 3243 527 3312 difficulty
540 3243 591 3297 lies
609 3244 732 3314 perhaps
744 3244 773 3299 in
787 3245 835 3300 the
851 3243 949 3299 notion
962 3244 995 3298 of
1008 3242 1165 3298 dominium
1182 3241 1326 3297 dormiens
1339 3258 1372 3296 or

216 3324 347 3380 dormant
369 3325 466 3395 rights,
487 3326 520 3380 of
535 3326 626 3380 which
645 3327 725 3382 there
743 3327 821 3382 isan
840 3326 1008 3382 illustration
1030 3327 1059 3381 in
1080 3325 1168 3381 Gaius
1181 3324 1217 3379 iv.
1230 3326 1272 3393 78,
1290 3341 1322 3379 or
1341 3324 1370 3378 in

215 3408 264 3463 the
281 3410 403 3478 analogy
421 3409 454 3463 of
473 3408 696 3479 postliminium
715 3410 749 3465 cf.
765 3411 831 3479 Dig.
844 3411 871 3465 6.
887 3426 909 3464 1.
924 3424 957 3480 59
976 3410 1075 3465 ‘simul
1093 3419 1178 3480 atque
1192 3447 1199 3462 .
1213 3449 1220 3463 .
1234 3448 1240 3462 .
1253 3408 1371 3477 dempta

215 3501 320 3560 essent,
339 3492 473 3547 continuo
492 3492 520 3546 in
539 3491 688 3562 pristinam
710 3510 826 3548 causam
845 3493 965 3550 reverti!
1001 3495 1063 3548 The
1082 3493 1156 3548 actio
1176 3492 1212 3546 de
1231 3491 1310 3561 tigno
1329 3491 1370 3545 in·

215 3573 312 3629 iuncto
330 3576 376 3644 lay
390 3576 458 3644 only
469 3576 562 3630 where
581 3576 629 3629 the
648 3576 792 3631 materials
812 3577 845 3630 of
859 3577 950 3631 which
969 3578 1018 3632 the
1039 3579 1129 3631 house
1147 3592 1204 3630 was
1222 3575 1293 3631 built
1312 3575 1371 3629 had

214 3657 288 3712 been
307 3660 417 3713 stolen:
437 3658 504 3713 ‘sed
521 3659 550 3712 in
569 3659 624 3713 hoc
643 3660 735 3714 solum
754 3660 799 3730 agi
819 3671 922 3730 potest,
935 3670 965 3715 ut
984 3661 1045 3714 sola
1057 3659 1211 3714 vindicatio
1228 3660 1322 3713 soluta
1339 3676 1370 3714 re

214 3751 358 3810 competat
377 3741 495 3810 mulieri,
514 3759 571 3795 non
590 3741 619 3795 in
639 3742 755 3812 duplum
775 3761 808 3798 ex
828 3744 891 3812 lege
910 3743 1060 3798 duodecim
1080 3742 1257 3797 tabularum:
1277 3759 1370 3813 neque

214 3823 291 3878 enirn
303 3824 436 3880 furtivum
448 3836 501 3894 est,
514 3825 590 3896 quod
608 3824 715 3880 sciente
728 3826 845 3881 domino
864 3826 1003 3881 inclusum
1016 3828 1075 3881 est’
1088 3826 1153 3896 Dig.
1169 3841 1211 3892 24.
1228 3841 1249 3880 1.
1263 3825 1307 3893 63.
1345 3827 1375 3880 lf

214 3907 263 3962 the
283 3909 426 3963 materiale
446 3908 504 3963 had
523 3909 597 3962 been
618 3909 709 3963 stolen
731 3910 779 3964 the
799 3909 893 3964 action
913 3910 959 3978 lay
978 3909 1089 3979 against
1109 3927 1127 3964 a
1143 3909 1220 3963 bona
1238 3908 1292 3963 tide
1305 3926 1370 3979 pos-

214 4007 310 4045 sessor
322 3991 355 4044 of
362 3993 411 4046 the
423 3993 513 4046 house
525 4008 563 4045 no
581 3992 638 4046 less
651 3992 720 4047 than
740 3992 851 4062 against
865 3993 914 4048 the
930 3993 1004 4047 thief
1013 3993 1041 4046 in
1060 3991 1223 4062 possession
1236 3991 1354 4047 himself
1364 4010 1370 4048 :

213 4073 272 4142 but,
292 4091 324 4128 as
343 4073 367 4128 is
386 4075 479 4130 stated
502 4075 530 4129 in
546 4075 595 4130 the
613 4085 680 4144 text,
699 4075 748 4130 the
767 4077 872 4130 former
888 4093 945 4130 was
964 4086 1022 4143 not,
1036 4075 1092 4130 like
1110 4077 1159 4130 the
1177 4077 1268 4143 latter,
1284 4075 1370 4130 liable

214 4156 275 4210 also
296 4167 326 4212 to
348 4158 396 4212 the
418 4158 493 4213 actio
517 4158 554 4212 ad
577 4157 768 4212 exhibendum
790 4158 845 4225 (for
865 4159 956 4213 which
979 4176 1027 4214 see
1050 4176 1087 4213 on
1107 4159 1158 4213 Blc
1173 4158 1207 4212 iv.
1221 4159 1246 4212 6.
1260 4173 1291 4227 31
1307 4158 1369 4227 inf.)

213 4239 305 4293 which
323 4240 446 4296 entailed
461 4240 631 4311 separation,
647 4241 704 4295 and
723 4241 885 4296 vindicatio.
924 4243 954 4297 If
968 4243 1035 4312 they
1048 4261 1120 4297 were
1138 4252 1189 4296 not
1207 4243 1307 4309 stolen,
1320 4242 1377 4297 the·

214 4322 281 4390 only
296 4325 412 4394 remedy
431 4324 569 4381 available
587 4325 684 4380 before
702 4325 864 4396 separation
882 4343 939 4381 was
958 4342 994 4380 au
1008 4325 1082 4381 actio
1099 4326 1128 4380 in
1147 4326 1252 4381 factum
1266 4324 1369 4396 Dig06.

216 4416 335 4559 1.ξᾶθὲ
356 4492 420 4546 The
443 4489 595 4562 principles
620 4491 678 4547 laid
703 4491 786 4547 down
808 4491 837 4546 in
858 4491 915 4547 this
940 4491 1049 4549 section
1070 4503 1174 4549 cannot
1196 4492 1233 4550 be
1253 4490 1368 4563 applied
