2986 5048
171 349 286 416 Titio]
402 347 463 405 DE
486 347 793 405 TESTAMENTIS
815 348 1089 405 ORDINANDIS·
1257 356 1320 427 239

156 521 258 592 sunt,
273 513 403 596 utrique
417 523 521 579 testes
543 514 576 577 in
595 533 697 576 unum
716 521 954 577 testamentum
975 512 1044 576 fieri
1060 520 1217 597 possunt:
1241 514 1320 596 quia

170 616 250 680 nihil
267 627 364 681 nocet
379 639 423 681 ex
439 638 505 681 una
520 617 621 681 domo
644 617 753 699 plures
772 624 875 681 testes
890 617 998 681 alieno
1013 619 1146 701 negotio
1161 617 1319 682 adhiberi.

170 718 213 783 In
235 721 376 786 testibus
397 732 512 785 autern
536 740 601 784 non
625 720 727 784 debet
749 740 821 784 esse
844 720 955 801 quiin
970 730 1136 802 potestate
1151 722 1349 786 testatoris9

122 876 128 883 .
171 832 232 889 est.
276 827 335 890 sed
351 827 378 889 si
394 825 636 889 filiusfamilias
657 825 700 889 de
720 824 876 889 castrensi
892 825 1021 906 peculio
1036 835 1113 906 post
1128 826 1317 889 missionem

169 927 269 994 faciat
284 939 532 1008 testamentum,
553 949 613 993 nec
635 939 731 1010 pater
753 929 823 992 eius
846 939 933 993 recte
955 930 1050 995 testis
1067 929 1244 995 adhibetur
1258 950 1319 995 nec

170 1031 198 1095 is
212 1025 269 1115 ciui
289 1034 322 1097 in
345 1042 512 1116 potestate
535 1015 683 1097 eiusdem
706 1033 808 1114 patris
831 1042 903 1097 est:
927 1034 1139 1115 reprobatum
1160 1044 1211 1097 est
1231 1035 1318 1097 enim

169 1124 203 1200 iit
219 1158 258 1201 ea
274 1158 309 1202 re
325 1138 545 1202 domesticum
565 1136 805 1200 testimonium.
853 1134 920 1199 Sed
940 1156 1047 1218 neque
1062 1137 1156 1202 heres
1177 1137 1318 1220 scriptus
1333 1140 1367 1196 10

169 1260 277 1323 neque
293 1241 320 1304 is
335 1242 391 1323 qui
410 1241 444 1304 in
465 1248 632 1323 potestate
652 1239 722 1302 eius
744 1247 795 1302 est
814 1257 920 1321 neque
942 1249 1038 1321 pater
1060 1241 1130 1303 eius
1145 1241 1201 1323 qui
1216 1239 1319 1306 habet

170 1365 247 1410 eum
263 1345 296 1408 in
312 1353 479 1427 potestate
495 1363 602 1425 neque
617 1342 734 1406 fratres
750 1342 806 1423 qui
822 1342 856 1405 in
871 1343 1019 1407 eiusdem
1035 1344 1137 1425 patris
1152 1354 1319 1426 potestate

168 1459 247 1514 sunt
261 1458 364 1514 testes
379 1449 529 1513 adhiberi
551 1456 699 1530 possunt,
721 1447 799 1528 quia
821 1455 930 1510 totum
951 1445 1015 1511 hoc
1034 1450 1212 1530 negotium,
1228 1449 1318 1531 quod

168 1553 280 1634 agitur
298 1553 490 1618 testamenti
510 1550 685 1615 ordinandi
705 1551 820 1632 gratia,
844 1551 986 1614 creditur
1007 1549 1107 1615 hodie
1126 1552 1211 1615 inter
1225 1550 1318 1616 here·

168 1654 247 1719 dem
261 1664 294 1719 et
310 1665 502 1720 testatorem
518 1654 581 1736 agi.
614 1653 691 1717 licet
706 1654 794 1716 enim
809 1662 917 1716 totum
935 1654 985 1716 ius
1001 1654 1068 1717 tale
1083 1655 1318 1720 conturbatum

168 1758 276 1824 fuerat
291 1770 324 1824 et
339 1769 476 1837 veteres,
491 1760 547 1842 qui
562 1757 706 1823 familiae
721 1767 906 1841 emptorem
928 1766 962 1821 et
978 1779 1045 1833 eos,
1061 1759 1117 1841 qui
1133 1779 1192 1841 per
1207 1770 1318 1842 potes·

169 1873 275 1928 tatem
291 1866 321 1928 ei
337 1865 513 1929 coadunati
529 1863 669 1939 fuerant,
691 1863 947 1926 testamentariis
966 1864 1163 1928 testimoniis
1179 1864 1318 1946 repelle·

167 1965 259 2043 bant,
278 1966 391 2031 heredi
413 1976 447 2031 et
468 1966 529 2045 his,
552 1967 608 2050 qui
631 1966 798 2031 coniuncti
821 1966 850 2028 ei
874 1985 933 2048 per
955 1975 1157 2048 potestatem
1180 1968 1317 2045 fuerant,

168 2070 395 2135 concedebant
414 2071 603 2135 testimonia
626 2071 658 2132 in
682 2070 890 2133 testamentis
913 2080 1087 2152 praestare,
1107 2069 1184 2133 licet
1200 2070 1244 2146 hi,
1259 2071 1316 2152 qui

168 2174 203 2238 id
219 2175 465 2257 permittebant,
480 2174 544 2238 hoc
560 2176 629 2238 iure
645 2174 779 2236 minime
794 2174 886 2237 abuti
903 2174 1023 2237 debere
1038 2193 1095 2238 eos
1111 2174 1316 2238 suadebant:

167 2286 280 2341 tamen
297 2297 358 2343 nos
374 2279 516 2342 eandem
532 2277 796 2342 observationem
820 2278 1020 2361 corrigentes
1037 2287 1078 2355 et,
1094 2278 1184 2360 quod
1199 2278 1242 2341 ab
1255 2277 1318 2344 illis

166 2400 303 2444 suasum
319 2390 379 2459 est,
395 2381 428 2444 in
445 2381 528 2464 legis
545 2382 773 2444 necessitatem
790 2380 1023 2445 transferentes
1038 2382 1081 2444 ad
1098 2382 1318 2445 imitationem
1390 2385 1394 2393 '

167 2485 295 2566 pristini
326 2484 470 2549 familiae
496 2487 654 2569 emptoris
684 2486 802 2548 merito
829 2505 888 2549 nec
914 2484 1036 2562 heredi,
1061 2486 1118 2568 qui
1140 2486 1317 2568 imaginem

167 2590 382 2653 vetustissimi
397 2588 541 2653 familiae
556 2589 713 2672 emptoris
735 2590 875 2670 optinet,
896 2609 956 2653 nec
971 2589 1043 2654 aliis
1059 2591 1215 2671 personis,
1232 2611 1318 2672 quae

168 2691 198 2755 ei
214 2701 251 2755 ut
269 2693 395 2756 dictum
422 2702 472 2757 est
495 2694 689 2757 coniunctae
711 2701 798 2768 sunt,
826 2693 994 2757 licentiam
1022 2693 1232 2756 concedimus
1255 2693 1317 2757 sibi

167 2797 416 2877 quodammodo
445 2798 635 2862 testimonia
666 2806 854 2879 praestare:
894 2798 1034 2879 ideoque
1065 2816 1125 2859 nec
1155 2797 1316 2860 eiusmodi

165 2910 312 2964 veterem
328 2902 596 2965 constitutionem
620 2911 732 2965 nostro
751 2901 857 2965 codici
876 2900 973 2964 inseri
992 2901 1207 2982 permisimus.
1252 2899 1317 2963 Le·
1332 2899 1364 2954 11

167 3005 303 3086 gatariis
318 3016 430 3070 autem
447 3014 480 3069 et
496 3005 814 3080 fideicommissariis,
831 3006 990 3087 quianon
1015 3004 1092 3067 iuris
1115 3023 1317 3068 successores

203 3211 218 3278 i
229 3213 257 3266 0.
277 3212 311 3264 In
323 3210 372 3265 the
384 3209 579 3280 mancipatory
588 3211 660 3264 form
671 3211 703 3264 of
712 3210 766 3264 will
777 3227 814 3264 no
825 3209 938 3264 witness
947 3208 1038 3277 might
1047 3210 1083 3265 be
1094 3208 1123 3263 in
1132 3211 1180 3264 the
1190 3220 1317 3280 potestas

166 3292 201 3347 of
214 3292 305 3348 either
322 3294 371 3347 the
389 3302 508 3348 testator
522 3309 554 3346 or
570 3292 694 3347 familiae
706 3303 826 3362 emptor,
840 3291 929 3346 Gaius
943 3291 970 3346 ii.
988 3304 1045 3361 105.
1082 3293 1144 3347 The
1157 3292 1318 3363 incapacity

167 3375 200 3430 of
208 3393 226 3431 a
238 3375 439 3445 paterfamilias
452 3393 484 3430 or
496 3393 552 3445 any
565 3392 619 3431 one
632 3376 660 3430 in
673 3376 718 3430 his
732 3393 825 3446 power
837 3386 867 3430 to
880 3374 994 3430 witness
1007 3374 1051 3429 his
1065 3391 1126 3428 own
1140 3377 1215 3430 son’s
1225 3376 1279 3430 will
1289 3376 1322 3431 of

166 3470 310 3515 castrense
320 3458 469 3530 peculium,
479 3459 587 3529 though
597 3459 725 3514 affirmed
738 3459 776 3528 by
784 3458 925 3528 Justinian
938 3459 1005 3513 here
1014 3459 1085 3513 after
1095 3458 1183 3514 Gaius
1195 3458 1233 3528 (ii.
1248 3459 1317 3528 106),

167 3541 192 3597 is
210 3542 314 3598 denied
332 3543 370 3612 by
385 3541 491 3612 Ulpian
504 3542 533 3596 in
547 3543 670 3612 Digna.
686 3558 707 3597 1.
722 3557 763 3596 20.
778 3557 793 3596 2
813 3559 850 3596 on
870 3542 919 3597 the
940 3541 1083 3610 authority
1105 3543 1137 3596 of
1155 3543 1317 3598 Marcellus.

167 3626 310 3695 Probably
321 3627 370 3682 the
388 3636 444 3680 two
461 3642 597 3696 passages
615 3626 703 3681 relate
722 3636 752 3680 to
771 3625 900 3680 different
913 3642 994 3680 cases
1007 3643 1014 3680 ι
1034 3626 1082 3679 the
1095 3625 1178 3679 latter
1190 3635 1220 3679 to
1232 3642 1250 3679 a
1263 3626 1317 3680 will

166 3709 251 3769 made
263 3709 302 3778 by
314 3710 362 3764 the
375 3726 427 3763 son
440 3726 472 3763 as
485 3709 597 3777 soldier,
611 3709 672 3779 that
685 3708 781 3763 before
794 3725 827 3762 us
840 3718 870 3763 to
882 3724 937 3763 one
950 3708 1034 3763 made
1047 3709 1119 3762 after
1132 3708 1288 3777 discharge

202 3792 218 3858 i
232 3794 278 3845 10.
297 3793 418 3861 Though
430 3790 469 3861 by
481 3792 559 3846 strict
569 3793 622 3846 law
634 3792 682 3847 the
693 3791 753 3846 heir
765 3792 822 3845 and
834 3808 953 3862 persons
963 3791 1121 3846 connected
1131 3791 1198 3845 with
1210 3791 1269 3845 him
1278 3792 1317 3861 by

165 3874 215 3931 the
234 3873 273 3929 tie
288 3875 320 3929 of
336 3884 462 3945 potestas
479 3874 536 3929 had
554 3885 603 3930 not
621 3874 693 3929 been
710 3874 901 3943 incompetent
919 3884 948 3929 to
961 3873 1074 3928 witness
1089 3873 1108 3941 (‘
1115 3883 1317 3929 testamentum

166 3955 250 4011 simul
268 3956 415 4027 obsignavi
434 3974 499 4012 cunt
514 3957 653 4013 Clodio..
668 3968 696 4012 et
716 3957 794 4010 illurn
813 3956 947 4011 heredem
965 3968 993 4011 et
1013 3974 1060 4011 me
1079 3955 1244 4026 scripserat’
1258 3956 1316 4012 Cic

166 4055 218 4108 pro
238 4040 346 4095 Milone
367 4041 417 4095 18:
438 4042 473 4096 cf.
493 4042 601 4095 Poste's
620 4040 709 4094 Gaius
728 4057 755 4109 p.
773 4040 844 4108 219),
865 4039 884 4093 it
904 4056 961 4093 was
979 4039 1099 4094 deemed
1118 4039 1261 4109 improper
1274 4039 1318 4093 for

165 4123 244 4178 thena
260 4135 290 4178 to
307 4124 344 4178 do
363 4141 396 4178 so
409 4124 510 4193 (Gaius
523 4124 550 4178 ii.
567 4124 636 4192 108),
650 4125 706 4178 aud
721 4123 828 4192 Ulpian
842 4123 985 4192 expressly
998 4123 1104 4176 affirms
1122 4122 1195 4177 their
1209 4122 1318 4176 incom-

164 4217 285 4276 petence
295 4206 324 4260 in
335 4207 402 4276 Dig.
410 4208 453 4262 28.
465 4222 487 4262 r.
497 4222 539 4261 20.
547 4224 588 4277 pr.
621 4209 647 4261 lt
660 4206 684 4261 is
697 4205 878 4276 conjectured
888 4206 949 4260 that
961 4205 1018 4260 this
1031 4206 1084 4260 last
1097 4222 1218 4275 passage
1227 4204 1318 4261 either

163 4288 240 4349 isan
254 4289 460 4361 interpolation,
474 4307 506 4344 or
518 4291 621 4345 relates
634 4290 701 4358 only
714 4300 744 4344 to
757 4287 918 4359 praetorian
931 4287 1010 4355 wills,
1022 4305 1055 4342 as
1067 4287 1207 4357 Justinian
1221 4286 1250 4341 in
1260 4286 1317 4343 this

165 4371 274 4427 section
293 4373 397 4443 speaks
414 4390 448 4428 as
466 4372 490 4427 if
503 4373 540 4429 he
560 4373 618 4428 had
635 4373 720 4429 made
735 4391 752 4428 a
769 4372 909 4444 complete
925 4372 1035 4442 change
1053 4370 1081 4426 in
1101 4369 1251 4441 excluding
1268 4371 1317 4428 the

165 4452 319 4527 testimony
331 4455 364 4512 of
372 4455 453 4512 these
463 4472 590 4527 persons.
