2986 5048
229 354 295 439 506
432 361 782 418 INSTITUTIONUM
800 359 920 417 LIBRI
937 360 1176 434 QUATTUOR.
1261 365 1382 433 [Lblv.

231 548 327 591 suum
352 528 506 592 dominus
532 525 688 610 consequi
713 546 780 591 non
806 526 919 610 possit,
944 525 1006 611 ipsi
1030 527 1165 593 domino
1189 527 1266 595 furti
1292 531 1381 594 actio

231 633 400 711 competit,
432 632 510 711 quia
539 631 602 694 hoc
632 651 709 694 casu
740 631 842 712 ipsius
875 631 1011 694 interest
1041 651 1111 695 rem
1141 632 1266 696 salvam
1297 654 1380 698 esse.

232 735 320 797 idem
348 745 399 797 est
425 744 458 797 et
488 736 515 796 si
547 735 579 796 in
606 745 701 816 parte
730 732 889 797 solvendo
913 735 979 797 sint
1004 734 1085 797 fullo
1111 745 1169 801 aut
1193 737 1383 801 sarcinator.

185 846 219 901 16
234 835 329 919 Quae
353 839 396 901 de
423 836 548 901 [ullone
573 847 606 901 et
631 839 830 902 sarcinatore
856 838 1014 913 diximus,
1035 840 1154 902 eadem
1181 849 1215 904 et
1238 841 1281 903 ad
1305 861 1382 904 eum

232 943 283 1004 cui
315 943 526 1005 commodata
552 962 603 1005 res
633 953 684 1006 est
714 942 939 1005 transferenda
967 952 1094 1008 veteres
1125 943 1381 1009 existimabant:

232 1064 309 1106 nam
335 1055 371 1108 ut
397 1044 453 1107 ille
479 1044 561 1108 fullo
587 1048 773 1110 mercedem
799 1046 991 1127 accipiendo
1015 1047 1200 1110 custodiam
1224 1058 1383 1130 praestat.

231 1149 277 1211 ita
294 1149 321 1210 is
336 1170 476 1231 quoque,
492 1150 548 1231 qui
564 1152 777 1213 commodum
792 1150 908 1214 utendi
924 1150 1072 1232 percipit,
1088 1151 1238 1215 similiter
1249 1172 1384 1216 necesse

232 1251 334 1317 habet
363 1254 549 1317 custodiam
580 1263 758 1336 praestare.
815 1255 874 1318 sed
905 1265 1017 1317 nostra
1047 1255 1253 1337 providentia
1280 1257 1383 1320 etiam

232 1357 294 1421 hoc
316 1359 348 1420 in
365 1359 584 1422 decisionibus
606 1359 725 1422 nostris
741 1359 939 1434 emendavit,
955 1369 992 1423 ut
1012 1359 1044 1421 in
1064 1359 1191 1423 domini
1207 1361 1249 1425 sit
1266 1361 1384 1423 volun-

232 1470 314 1536 tate,
338 1462 406 1524 sive
428 1463 631 1526 commodati
654 1464 818 1526 actionem
841 1463 999 1526 adversus
1023 1483 1097 1525 eum
1120 1464 1177 1545 qui
1201 1484 1268 1526 rem
1292 1485 1383 1528 com·

234 1566 404 1628 modatam
428 1567 555 1648 accepit
579 1587 710 1631 movere
732 1566 911 1641 desiderat,
935 1567 1004 1630 sive
1026 1566 1102 1630 furti
1125 1568 1281 1631 adversus
1307 1588 1384 1631 eum

232 1671 289 1752 qui
317 1690 385 1732 rem
412 1670 584 1752 subripuit,
609 1681 643 1734 et
667 1671 823 1734 alterutra
849 1691 961 1733 earum
989 1670 1094 1735 electa
1120 1672 1291 1735 dominum
1317 1693 1384 1736 non

233 1793 331 1856 posse
361 1794 406 1837 ex
433 1775 634 1856 paenitentia
663 1775 707 1838 ad
737 1773 875 1837 alteram
901 1776 1012 1838 venire
1037 1775 1211 1839 actionem.
1267 1776 1326 1839 sed
1356 1776 1385 1839 si

232 1877 367 1959 quidem
385 1875 490 1940 iurem
507 1877 650 1959 elegerit,
667 1877 759 1941 illum
775 1878 830 1960 qui
846 1897 916 1942 rem
932 1880 1090 1943 utendam
1109 1879 1236 1961 accepit
1251 1880 1385 1962 penitus

234 1980 375 2043 liberari.
417 1981 467 2043 sin
497 1993 610 2046 autem
640 1983 870 2045 commodator
894 1983 1006 2046 veniat
1035 1982 1191 2046 adversus
1221 2002 1296 2047 eum
1327 1984 1384 2065 qui

235 2105 304 2148 rem
334 2086 493 2149 utendam
523 2086 661 2168 accepit,
690 2086 752 2167 ipsi
781 2086 916 2169 quidem
948 2086 1038 2150 nullo
1069 2087 1170 2150 modo
1196 2094 1385 2169 competere

234 2208 334 2270 posse
364 2191 520 2252 adversus
546 2189 652 2253 iurem
683 2188 759 2252 furti
787 2189 960 2269 actionem,
987 2210 1063 2254 eum
1093 2201 1214 2266 autem,
1242 2190 1297 2272 qui
1325 2209 1384 2271 pro

236 2312 271 2355 re
289 2294 500 2356 commodata
520 2295 721 2368 convenitur,
743 2313 840 2376 posse
860 2294 1017 2358 adversus
1037 2294 1142 2358 iurem
1163 2294 1240 2358 furti
1262 2293 1386 2358 habere

234 2397 410 2469 actionem,
434 2396 480 2459 ita
502 2405 623 2470 tamen,
645 2397 672 2459 si
697 2395 851 2459 dominus
875 2395 980 2459 sciens
1003 2416 1072 2459 rem
1098 2415 1170 2459 esse
1192 2396 1385 2478 subreptam

234 2500 391 2562 adversus
418 2521 493 2562 eum
521 2501 572 2564 cui
603 2521 654 2564 res
680 2499 891 2563 commodata
919 2498 979 2563 suit
1004 2501 1172 2582 pervenit:
1195 2501 1246 2562 sin
1272 2509 1386 2565 autem

235 2603 363 2666 nescius
386 2613 419 2667 et
442 2604 598 2667 dubitans
621 2625 689 2667 rem
712 2623 778 2666 non
801 2624 872 2666 esse
894 2602 983 2685 apud
1006 2624 1081 2668 eum
1106 2604 1308 2667 commodati
1331 2624 1386 2668 ac-

235 2708 360 2769 tionem
386 2707 535 2785 instituit,
560 2717 676 2789 postea
702 2715 813 2770 autem
840 2727 874 2768 re
898 2718 1067 2788 comperta
1089 2705 1193 2770 voluit
1219 2707 1386 2770 remittere

235 2812 370 2892 quidem
392 2813 595 2875 commodati
618 2812 791 2885 actionem,
812 2811 854 2874 ad
873 2809 950 2872 furti
973 2821 1085 2874 autem
1108 2811 1285 2892 pervenire,
1306 2820 1385 2874 tunc

236 2913 366 2977 licentia
382 2916 412 2976 ei
429 2915 629 2998 concedatur
643 2923 676 2977 et
692 2915 848 2977 adversus
863 2913 967 2976 iurem
983 2915 1093 2976 venire
1109 2913 1198 2977 nullo
1214 2913 1386 2976 obstaculo

236 3017 265 3080 ei
293 3019 500 3100 opponend0,
527 3018 683 3100 quoniam
709 3018 851 3079 incertus
875 3017 1073 3080 constitutus
1100 3017 1204 3080 movit
1229 3017 1387 3080 adversus

235 3143 310 3184 eum
344 3124 399 3204 qui
432 3145 501 3186 rem
532 3124 690 3187 utendam
720 3121 849 3203 accepit
882 3121 1085 3184 commodati
1115 3122 1279 3185 actionem
1310 3119 1386 3205 (nisi

236 3227 372 3289 domino
388 3227 430 3289 ab
449 3247 488 3289 eo
508 3226 713 3290 satisfactum
735 3234 803 3287 est:
829 3234 907 3287 tunc
928 3225 1050 3288 etenim
1072 3225 1264 3288 omnimodo
1280 3223 1386 3286 furem

235 3349 256 3391 a
272 3330 407 3392 domino
422 3331 557 3412 quidem
573 3329 649 3392 surti
665 3328 797 3392 actione
813 3327 951 3402 liberari,
964 3327 1171 3409 suppositum
1186 3336 1298 3391 autem
1315 3348 1387 3391 esse

237 3434 276 3509 ei,
297 3434 353 3514 qui
376 3455 436 3514 pro
460 3456 493 3496 re
518 3435 579 3497 sibi
603 3433 814 3497 commodata
833 3432 968 3495 domino
987 3429 1168 3517 satisfecit),
1184 3451 1259 3495 cum
1282 3432 1388 3493 mani·

235 3536 449 3600 festissimum
471 3549 530 3616 est,
546 3539 648 3602 etiarn
669 3539 695 3600 si
717 3538 759 3600 ab
782 3537 874 3600 initio
889 3536 1043 3600 dominus
1062 3537 1226 3600 actionem
1245 3537 1387 3599 instituit

236 3642 439 3704 commodati
456 3644 588 3723 ignarus
611 3663 679 3704 rem
700 3662 772 3704 esse
792 3641 992 3720 subreptam,
1009 3649 1125 3721 postea
1145 3650 1257 3702 autem
1278 3638 1341 3702 hoc
1357 3640 1387 3702 ei

240 3896 279 3950 16.
307 3898 369 3951 The
383 3898 474 3950 words
489 3897 564 3950 idem
578 3907 620 3950 est
634 3895 698 3950 etsi
712 3936 718 3949 .
733 3935 739 3948 .
754 3937 760 3949 .
775 3893 932 3949 sarcinator
941 3895 1107 3963 apparently
1118 3894 1190 3948 refer
1202 3904 1231 3948 to
1245 3895 1387 3963 solvency,

237 3989 286 4033 not
300 3980 483 4048 insolvency;
502 3997 549 4034 see
562 3980 611 4033 the
624 3980 679 4033 end
693 3979 725 4032 oi
736 3977 749 4046 ξ
768 3980 806 4033 16.
838 3980 864 4032 A
877 3979 952 4031 mala
965 3978 1020 4032 fide
1033 3995 1181 4047 possessor
1192 3978 1250 4031 had
1263 3994 1300 4031 no
1312 3978 1389 4031 actio

237 4063 310 4131 furti,
324 4065 431 4132 though
452 4064 499 4118 the
512 4075 646 4133 property
659 4079 715 4116 was
731 4073 760 4116 at
778 4062 821 4115 his
834 4061 900 4129 risk,
915 4061 981 4131 Dig.
995 4076 1038 4127 47.
1050 4076 1075 4114 2.
1089 4075 1128 4127 14.
1138 4075 1164 4126 4.
1196 4062 1258 4115 The
1271 4059 1388 4115 interest

237 4147 269 4200 os
284 4149 333 4201 the
346 4149 421 4201 bona
435 4147 490 4200 fide
504 4163 659 4216 possessor,
673 4146 701 4199 in
715 4144 804 4200 virtue
817 4145 849 4198 of
864 4145 955 4198 wbich
969 4145 1005 4199 he
1018 4144 1101 4198 could
1115 4161 1174 4211 sue,
1187 4161 1243 4198 was
1256 4143 1300 4197 his
1313 4144 1388 4213 right

239 4240 268 4284 to
282 4232 329 4285 the
343 4231 423 4285 fruits
443 4231 499 4284 and
514 4232 561 4285 the
575 4229 760 4298 interruption
774 4230 806 4283 ol
819 4229 962 4297 usucapio,
976 4239 1025 4282 not
1038 4227 1082 4281 his
1095 4227 1214 4297 liability
1226 4238 1255 4282 to
1269 4229 1316 4281 the
1330 4229 1388 4281 real

238 4313 377 4383 dominus,
389 4314 478 4367 which
492 4315 613 4368 accrued
625 4314 692 4382 only
701 4313 773 4367 after
784 4314 832 4367 the
845 4314 928 4367 latter
939 4312 996 4365 had
1007 4312 1106 4382 joined
1119 4310 1193 4366 issue
1206 4310 1272 4365 with
1286 4311 1346 4365 him
1359 4310 1388 4364 in

237 4412 274 4448 an
288 4397 380 4450 action
395 4407 424 4450 to
436 4397 572 4451 establish
586 4397 630 4451 his
643 4397 810 4466 ownership,
825 4397 889 4465 Dig.
907 4409 929 4465 5.
944 4410 968 4463 3.
982 4408 1025 4463 25.
1038 4407 1062 4460 7.

254 4528 257 4535 .
275 4477 346 4549 §16.
366 4481 428 4535 The
446 4481 513 4551 only
529 4480 626 4550 jurists
639 4482 701 4535 who
720 4490 749 4534 to
768 4497 819 4535 our
837 4480 1003 4548 knowledge
1022 4478 1170 4534 discussed
1185 4476 1242 4533 this
1257 4477 1388 4548 question
