2986 5048
166 326 229 393 268
367 337 717 394 INSTITUTJONUM
734 338 855 394 LIBRI
873 338 1108 411 QUATTUOR.
1206 342 1274 409 [In.
1288 332 1324 398 11'.

166 495 322 563 infirmari
343 511 594 591 testamentum,
611 501 701 584 quod
721 512 838 583 postea
859 512 999 568 testator
1013 501 1046 566 id
1068 502 1174 569 noluit
1187 502 1323 570 valere:

167 622 271 683 usque
286 604 370 668 adeo
387 615 424 668 ut
439 616 483 680 et,
498 606 525 669 si
540 606 614 688 quis
636 615 712 688 post
731 605 855 671 factum
876 607 967 689 prius
986 616 1224 673 testamentum
1241 629 1324 691 pos-

166 706 267 768 terius
285 704 392 770 facere
416 710 561 790 coeperit
581 718 615 772 et
632 719 692 773 aut
716 709 917 774 mortalitate
935 721 1143 793 praeventus,
1162 720 1222 775 aut
1241 713 1324 793 quia

167 827 244 871 eum
259 809 329 873 eius
350 811 395 872 rei
417 812 590 892 paenituit,
607 811 640 875 id
656 833 721 876 non
742 812 943 895 perfecisset,
961 813 1027 876 divi
1049 813 1229 878 Pertinacis
1246 833 1324 878 ora-

168 909 259 974 tione
283 923 417 976 cautum
440 925 500 989 est,
523 935 565 978 ne
588 914 670 979 alias
694 914 828 979 tabulae
847 917 976 998 priores
994 917 1062 980 iure
1083 915 1190 980 factae
1210 917 1323 982 irritae

169 1012 259 1086 fiant,
275 1015 336 1079 nisi
355 1029 531 1098 sequentes
552 1019 621 1084 iure
635 1020 806 1083 ordinatae
828 1029 862 1083 et
882 1019 1048 1102 perfectae
1065 1018 1195 1083 fuerint.
1240 1040 1321 1084 nam

169 1119 399 1200 imperfectum
428 1132 665 1188 testamentum
696 1125 765 1188 sine
794 1125 896 1188 dubio
927 1123 1053 1188 nullum
1078 1135 1139 1189 est.
1188 1124 1321 1188 Eadem

170 1225 318 1288 oratione
339 1228 503 1308 expressit
525 1247 591 1290 non
614 1229 834 1292 admissurum
860 1249 896 1292 se
922 1228 1141 1293 hereditatem
1167 1227 1246 1304 eius,
1263 1227 1321 1310 qui

169 1326 237 1393 litis
260 1349 359 1394 causa
381 1332 561 1415 principem
584 1331 741 1397 heredem
765 1333 940 1415 reliquerit,
965 1353 1072 1415 neque
1096 1332 1228 1398 tabulas
1254 1353 1323 1396 non

169 1430 318 1514 legitime
333 1433 448 1510 factas,
464 1435 497 1498 in
512 1436 633 1516 quibus
647 1438 718 1518 ipse
733 1438 776 1500 ob
795 1456 869 1500 eam
892 1456 1025 1502 causam
1041 1436 1135 1500 heres
1150 1435 1323 1500 institutus

170 1544 249 1612 erat,
269 1535 484 1616 probaturum
505 1534 612 1621 neqiie
632 1561 676 1603 ex
698 1542 786 1604 nuda
803 1560 885 1604 voce
905 1539 1035 1603 heredis
1056 1558 1179 1603 nomen
1195 1539 1323 1603 admis-

170 1657 283 1701 surum
299 1660 407 1722 neque
421 1663 466 1706 ex
477 1642 545 1707 ulla
560 1644 729 1725 scriptura,
739 1645 789 1710 cui
805 1645 883 1709 iuris
897 1645 1075 1709 auctoritas
1087 1644 1180 1718 desit,
1196 1642 1323 1725 aliquid

171 1743 378 1824 adepturum.
412 1747 592 1811 secundum
607 1748 689 1814 haec
704 1749 770 1812 divi
782 1770 914 1832 quoque
928 1749 1070 1814 Severus
1085 1758 1119 1812 et
1129 1747 1324 1812 Antoninus

172 1848 364 1928 saepissime
380 1850 631 1932 rescripserunt:
656 1853 750 1918 ‘licet
765 1850 868 1918 enim'
884 1853 1036 1934 inquiunt
1057 1851 1203 1935 ‘legibus
1223 1850 1324 1915 soluti

172 1969 294 2026 sumus,
310 1961 458 2017 attamen
475 1953 603 2037 legibus
617 1952 776 2022 vivimus’

681 2145 813 2210 XVIII.

453 2319 503 2369 DE
526 2318 759 2372 INOFFICIOSO
783 2318 1042 2371 TESTAMENTO.

170 2518 173 2524 .
217 2466 305 2552 Quia
320 2468 514 2551 plerumque
536 2482 689 2552 parentes
704 2472 774 2535 sine
796 2492 896 2536 causa
917 2471 1036 2535 liberos
1057 2490 1135 2535 suos
1148 2467 1201 2532 vel
1221 2467 1326 2532 exhe-

174 2574 292 2637 redant
306 2573 358 2636 vel
374 2574 541 2654 omittunt,
556 2576 727 2640 inductum
744 2586 805 2653 est,
818 2586 855 2641 ut
870 2577 913 2639 de
929 2575 1108 2640 inofficioso
1124 2582 1326 2639 testamento

174 2781 209 2836 cf.
224 2778 344 2849 Capitol.
356 2780 429 2834 Pert.
441 2794 455 2846 7
470 2780 578 2850 ‘legem
591 2820 599 2836 .
615 2823 621 2837 .
636 2823 642 2835 .
656 2781 726 2849 tulit,
739 2791 769 2836 ut
783 2790 954 2836 testamenta
966 2780 1060 2850 priora
1072 2797 1129 2834 non
1139 2779 1217 2849 prius
1230 2789 1325 2834 essent

174 2863 260 2932 irrita,
281 2880 366 2933 quam
387 2862 443 2918 alia
463 2864 589 2933 perfecta
608 2875 712 2933 essent,
734 2882 806 2920 neve
831 2864 868 2919 ob
893 2865 948 2918 hoc
977 2864 1061 2919 fiscus
1086 2862 1240 2933 aliquando
1264 2877 1328 2916 suc·

175 2947 305 3002 cederet)
332 2948 376 3000 To
395 2948 492 3001 cancel
505 2964 523 3001 a
536 2947 645 3003 written
663 2947 717 3001 will
735 2947 884 3002 otherwise
902 2948 972 3002 than
988 2947 1026 3016 by
1038 2947 1087 3002 the
1103 2945 1251 3001 execution
1268 2944 1302 2998 of
1309 2961 1328 3000 a

174 3031 245 3085 later
258 3046 312 3083 one
325 3029 346 3084 it
360 3046 417 3083 was
430 3046 581 3100 necessary
593 3040 623 3084 to
636 3030 750 3100 destroy
760 3032 809 3086 the
822 3030 990 3086 instrument
1003 3031 1042 3098 by
1051 3029 1162 3097 tearing
1173 3045 1206 3082 or
1217 3027 1328 3097 cutting

175 3113 205 3180 it,
218 3130 249 3166 or
262 3112 299 3180 by
309 3112 422 3182 erasing
436 3113 484 3168 the
498 3113 664 3182 institution,
677 3115 786 3184 though
798 3113 1005 3169 unintentional
1018 3129 1131 3168 erasure
1143 3111 1215 3166 after
1227 3127 1328 3166 execu-

175 3195 234 3251 tion
255 3194 305 3248 did
325 3206 374 3250 not
396 3194 479 3250 affect
500 3196 548 3251 the
570 3196 687 3266 validity
709 3198 741 3251 of
759 3197 795 3252 its
820 3196 1004 3266 dispositions
1026 3195 1051 3248 if
1068 3194 1141 3249 their
1163 3203 1245 3248 tenor
1269 3209 1328 3248 was

175 3278 287 3345 known,
302 3278 366 3347 Dig.
382 3279 424 3332 28.
436 3294 461 3345 4
479 3294 501 3333 1.
515 3294 539 3334 2.
577 3280 674 3349 Single
693 3279 876 3351 dispositious
895 3279 979 3334 could
995 3278 1130 3345 similarly
1148 3277 1185 3332 be
1203 3275 1329 3331 revoked

175 3362 214 3432 by
226 3378 348 3428 erasure,
361 3361 477 3417 without
497 3363 630 3434 affecting
646 3364 694 3418 the
712 3363 828 3433 validity
841 3364 873 3417 of
886 3365 935 3418 the
947 3362 1002 3416 will
1020 3378 1053 3416 as
1066 3378 1084 3416 a
1096 3361 1195 3429 whole,
1210 3359 1274 3430 Dig.
1288 3359 1328 3415 ib.

177 3459 202 3500 2.
215 3458 241 3513 7,
254 3443 289 3499 cf.
305 3445 436 3514 Kriiger’s
449 3445 596 3501 recension
609 3446 642 3500 of
651 3446 740 3501 Gaius
753 3446 779 3501 ii.
798 3459 844 3515 151
860 3445 888 3500 in
904 3448 958 3501 Mr.
973 3447 1079 3500 Poste’s
1092 3443 1208 3498 edition.

213 3524 227 3597 ξ
242 3530 271 3582 8.
292 3527 334 3583 Cf.
348 3528 460 3595 Paulus,
474 3538 545 3583 sent.
565 3546 621 3583 rec.
635 3541 658 3597 5.
676 3545 716 3584 12.
729 3530 745 3583 8
760 3529 799 3598 (in
814 3528 878 3597 Dig.
893 3529 936 3583 28.
951 3541 973 3597 5.
987 3528 1016 3596 9)
1036 3527 1251 3596 ‘imperatorem
1270 3524 1329 3580 litis

177 3627 264 3666 causa
288 3610 422 3665 heredem
449 3610 556 3665 institui
581 3611 751 3666 invidiosum
774 3622 826 3680 est,
848 3629 901 3666 nec
922 3610 1081 3665 calumniae
1105 3609 1269 3664 facultatem
1294 3625 1329 3663 ex

177 3693 324 3767 principali
344 3694 492 3750 maiestate
512 3694 575 3765 capi
588 3696 716 3765 oportet.³
753 3697 810 3749 For
822 3704 993 3764 acceptance
1006 3692 1097 3747 under
1115 3691 1246 3747 informal
1258 3690 1329 3744 wills

177 3779 216 3848 by
234 3779 282 3832 the
301 3780 455 3847 Emperors
473 3778 509 3834 cf.
527 3778 687 3848 Suetonius,
702 3777 790 3847 Calig.
805 3779 847 3846 38,
868 3776 974 3832 Domit.
992 3792 1031 3844 12,
1052 3775 1141 3843 Pliny,
1162 3776 1267 3842 Paneg.
1284 3789 1329 3842 43.

178 3862 283 3916 ‘Nuda
298 3863 367 3915 vox’
386 3877 479 3915 seems
502 3872 532 3916 to
551 3878 634 3916 mean
653 3862 702 3917 the
721 3861 872 3930 allegation
892 3861 925 3914 of
938 3859 1044 3928 having
1062 3858 1150 3914 heard
1170 3874 1203 3911 so
1220 3858 1277 3912 and
1296 3875 1330 3912 so

178 3945 291 3999 declare
304 3943 462 4012 informally
474 3946 535 4000 that
555 3946 591 3999 he
605 3945 660 3999 had
677 3944 763 3999 made
779 3945 828 3999 the
841 3945 982 4013 Emperor
999 3943 1044 3997 his
1060 3941 1121 3997 heir
1135 3941 1209 4011 (‘qui
1223 3941 1329 3996 diceret

178 4027 292 4082 audisse
316 4044 348 4082 se
374 4045 409 4082 ex
436 4028 578 4098 defuncto,
603 4044 668 4082 cum
692 4027 807 4095 viveret,
832 4026 965 4082 heredem
993 4025 1047 4081 sibi
1074 4026 1226 4081 Caesarem
1250 4026 1331 4080 esse’

180 4110 340 4179 Suetonius,
353 4111 372 4164 l.
385 4110 432 4178 c.).

213 4197 274 4249 tut.
286 4196 411 4250 xvm.
430 4195 492 4250 The
510 4192 634 4265 practice
653 4194 686 4249 of
700 4193 901 4250 exheredation
921 4193 1050 4262 formally
1063 4190 1185 4247 enabled
1203 4208 1220 4245 a
1238 4189 1332 4246 father

178 4287 208 4332 to
226 4276 315 4331 debar
332 4277 377 4332 his
390 4277 516 4333 children
535 4279 607 4332 from
620 4279 658 4332 all
676 4279 760 4333 share
778 4277 807 4332 in
826 4277 871 4332 his
885 4276 1074 4341 succession;
1096 4274 1124 4328 in
1138 4273 1195 4329 this
1213 4273 1287 4329 Title
1305 4272 1331 4329 is

180 4359 329 4414 described
341 4361 390 4415 the
408 4361 525 4429 remedy
537 4360 581 4414 for
592 4370 641 4415 too
659 4361 746 4415 harsh
763 4377 801 4414 an
818 4358 943 4415 exercise
959 4359 992 4413 of
1007 4358 1062 4413 this
1081 4356 1224 4429 privilege,
1238 4356 1332 4411 which

179 4441 343 4513 practically
355 4444 474 4500 secured
486 4454 515 4499 to
531 4443 666 4500 relations
682 4443 778 4499 within
791 4460 809 4500 a
821 4443 928 4499 certain
947 4443 1051 4513 degree
1069 4441 1102 4497 of
1110 4457 1195 4510 every
1211 4448 1331 4495 testator
