2986 5048
210 347 274 430 284
410 356 763 415 Jrvsrrwrrorvvrr
779 356 899 413 arun!
917 357 1154 430 QUATTUOR.
1252 358 1324 425 [cn.
1336 364 1371 413 n.

163 540 199 594 10
212 520 280 587 Sed
297 521 323 585 si
341 543 409 586 rem
425 522 572 604 legatarii
594 523 668 605 quis
684 523 713 586 ei
729 521 896 605 legaverit,
912 520 1028 586 inutile
1043 520 1190 604 legatum
1206 531 1267 601 est,
1284 524 1368 607 quia

210 626 300 708 quod
329 628 495 708 proprium
522 636 573 690 est
597 627 708 708 ipsius,
730 625 874 707 amplius
896 626 965 690 eius
990 625 1059 689 fieri
1084 646 1149 689 non
1172 635 1308 708 potest:
1333 638 1368 692 et

212 728 288 792 hcet
303 729 492 794 alienaverit
508 750 592 806 eam,
603 750 669 792 non
682 730 822 793 debetur
837 748 898 793 nec
914 730 986 810 ipsa
1001 749 1061 792 nec
1076 727 1266 794 aestimatio
1283 732 1367 795 eius.

164 836 196 890 ll
212 830 248 895 Si
264 833 337 914 quis
354 853 422 896 rem
438 854 532 896 suam
547 834 640 915 quasi
657 833 799 897 alienam
816 832 982 914 legaverit,
994 832 1083 896 valet
1095 832 1265 914 legatum:
1283 855 1366 898 nam

211 936 286 1019 plus
301 937 398 1014 valet,
413 938 502 1019 quod
524 939 556 1000 in
572 938 711 1003 veritate
733 946 793 1013 est,
808 958 908 1019 quam
925 938 1014 1019 quod
1036 937 1069 999 in
1091 937 1256 1020 opinione.
1305 940 1366 1002 sed

212 1051 246 1104 et
269 1040 295 1102 si
318 1040 467 1121 legatarii
492 1042 629 1123 putavit,
650 1041 760 1105 valere
787 1050 926 1119 constat,
953 1041 1031 1122 quia
1056 1040 1183 1104 exitum
1207 1041 1367 1117 voluntas

165 1151 198 1206 12
212 1144 357 1209 defuncti
373 1156 485 1228 potest
500 1146 632 1210 habere.
686 1145 724 1210 Si
744 1166 811 1207 rem
831 1166 925 1209 suam
942 1145 1099 1227 legaverit
1116 1154 1257 1209 testator
1271 1156 1367 1228 post·

211 1267 316 1329 eaque
346 1269 420 1311 eam
449 1249 648 1327 alienaverit,
680 1249 797 1314 Celsus
828 1250 1010 1324 existimat,
1038 1249 1065 1312 si
1096 1270 1162 1312 non
1192 1249 1367 1313 adimendi

210 1353 322 1416 animo
348 1354 505 1427 vendidit,
533 1354 635 1417 nihilo
660 1355 769 1417 minus
796 1354 918 1428 deberi,
948 1354 1047 1435 idque
1071 1355 1137 1417 divi
1163 1353 1307 1418 Severus
1332 1365 1368 1418 et

211 1455 405 1521 Antoninus
429 1458 673 1539 rescripserunt.
726 1458 814 1521 idem
839 1458 1072 1539 rescripserunt
1096 1478 1182 1532 eum,
1206 1458 1264 1539 qui
1287 1469 1367 1540 post

211 1570 450 1625 testamentum
466 1562 590 1626 sactum
607 1564 743 1644 praedia
763 1584 849 1645 quae
870 1562 982 1645 legata
1004 1572 1097 1626 erant
1113 1563 1241 1645 pignori
1259 1564 1366 1639 dedit,

211 1664 375 1728 ademisse
398 1664 545 1749 legatum
570 1686 634 1730 non
657 1667 759 1729 videri
783 1677 817 1730 et
840 1667 916 1729 ideo
937 1666 1131 1748 legatarium
1148 1686 1224 1729 cum
1240 1666 1368 1731 herede

211 1788 309 1850 agere
325 1789 432 1851 posse,
448 1780 485 1833 ut
501 1771 636 1851 praedia
652 1791 672 1832 a
687 1771 848 1834 creditore
870 1770 1010 1833 luantur.
1055 1770 1082 1832 si
1102 1789 1180 1833 vero
1199 1770 1274 1851 quis
1289 1790 1366 1852 par-

211 1880 280 1935 tem
296 1872 342 1934 rei
364 1873 494 1954 legatae
509 1872 710 1950 alienaverit,
726 1894 802 1956 pars
817 1893 903 1955 quae
923 1893 989 1936 non
1013 1881 1064 1935 est
1087 1873 1230 1936 alienata
1254 1875 1365 1936 omni-

212 1975 314 2038 modo
340 1976 488 2053 debetur,
510 1998 586 2060 pars
610 1976 722 2041 autem
747 1977 890 2040 alienata
915 1977 961 2040 ita
980 1976 1128 2053 debetur,
1152 1978 1178 2039 si
1203 1996 1271 2039 non
1294 1978 1368 2040 adi·

166 2093 199 2146 13
213 2080 323 2143 mendi
341 2081 453 2143 animo
471 2081 614 2145 alienata
636 2083 688 2146 sit.
736 2081 772 2146 Si
791 2082 863 2164 quis
886 2081 1028 2145 debitori
1052 2102 1112 2145 suo
1133 2079 1368 2146 liberationem

211 2184 381 2266 legaverit,
396 2184 544 2267 legatum
566 2187 646 2250 utile
667 2197 717 2250 est
741 2198 774 2252 et
797 2208 904 2269 neque
927 2187 970 2249 ab
994 2187 1065 2268 ipso
1087 2187 1238 2250 debitore
1256 2207 1370 2269 neque

212 2288 255 2351 ab
271 2286 393 2351 herede
408 2289 478 2351 eius
494 2298 605 2370 potest
620 2290 714 2354 heres
729 2302 841 2373 petere
857 2311 917 2354 nec
933 2291 976 2354 ab
992 2289 1057 2354 alio
1074 2291 1130 2371 qui
1145 2289 1277 2353 heredis
1293 2290 1370 2354 loco

213 2400 283 2453 est:
307 2391 365 2453 sed
382 2402 415 2455 et
431 2402 543 2475 potest
558 2416 578 2457 a
594 2393 742 2459 debitore
758 2395 931 2472 conveniri,
947 2404 984 2458 ut
1000 2394 1116 2458 liberet
1135 2414 1222 2456 eum.
1252 2405 1369 2477 potest

166 2503 199 2555 14
212 2503 323 2557 autem
350 2495 424 2577 quis
450 2496 500 2560 vel
526 2499 569 2561 ad
595 2508 726 2581 tempus
747 2500 858 2563 iubere
882 2519 923 2562 ne
943 2498 1038 2562 heres
1060 2507 1162 2581 petat.
1209 2496 1266 2559 Ex
1290 2517 1370 2561 con-

213 2600 313 2662 trario
328 2599 355 2660 si
371 2599 501 2663 debitor
515 2602 668 2666 creditori
687 2624 748 2667 suo
770 2604 860 2685 quod
883 2603 983 2666 debet
999 2601 1165 2684 legaverit,
1182 2600 1300 2664 inutile
1315 2612 1369 2666 est

248 2878 262 2950 ἑ
276 2882 321 2935 10.
341 2882 382 2936 cf.
398 2882 451 2936 Bk.
465 2882 499 2937 iv.
514 2883 540 2937 6.
555 2898 586 2951 14
599 2882 647 2937 ini.
673 2886 742 2948 ¹For
761 2886 809 2938 the
825 2883 962 2954 principle
981 2885 1088 2954 (regula
1102 2882 1272 2951 Catoniana)
1289 2902 1369 2955 upon

212 2963 304 3017 which
317 2982 334 3018 a
346 2965 445 3034 legacy
457 2966 490 3019 os
498 2966 554 3020 this
567 2967 636 3020 kind
650 2985 706 3021 was
720 2967 786 3021 void
798 2985 846 3022 see
859 2985 896 3021 on
911 2966 924 3037 ξ
940 2982 972 3034 32
986 2968 1033 3022 inf.

248 3049 262 3113 §
277 3049 317 3102 11.
338 3050 363 3102 lt
376 3048 400 3102 is
413 3049 530 3104 difficult
549 3060 578 3104 to
591 3067 639 3105 see
653 3052 716 3120 why
732 3052 780 3105 the
793 3052 852 3105 rule
866 3051 945 3121 ‘plus
958 3053 1032 3106 valet
1051 3051 1127 3120 quod
1144 3050 1173 3104 in
1186 3050 1306 3106 veritate
1323 3062 1369 3107 est

212 3147 297 3199 quarn
317 3132 393 3201 quod
412 3130 440 3185 in
460 3133 607 3202 opinione'
626 3133 676 3187 did
694 3145 743 3188 not
762 3135 848 3204 apply
861 3144 890 3187 to
909 3135 1009 3203 legacy
1021 3134 1054 3187 os
1068 3151 1086 3187 a
1098 3150 1143 3187 res
1162 3133 1255 3188 aliena
1274 3134 1369 3188 which

212 3215 260 3267 the
280 3223 398 3268 testator
415 3216 535 3284 thought
552 3234 610 3271 was
629 3233 689 3285 sua,
703 3217 794 3271 which
814 3218 842 3271 in
857 3215 870 3286 ξ
886 3233 991 3286 4supr.
1006 3217 1029 3272 is
1047 3217 1109 3272 said
1126 3227 1156 3271 to
1170 3217 1207 3271 be
1226 3216 1311 3272 void:
1331 3218 1368 3274 cf.

212 3299 272 3351 also
287 3297 353 3366 Dig.
367 3313 409 3367 29.
422 3313 447 3352 2.
464 3312 493 3368 15
509 3300 587 3369 ‘plus
600 3312 643 3355 est
657 3301 684 3354 in
698 3300 831 3371 opinione
845 3318 929 3371 quam
944 3302 971 3355 in
985 3301 1119 3356 veritate’

248 3385 263 3449 ὁ
277 3386 321 3437 12.
342 3386 404 3438 The
420 3386 564 3454 generally
583 3385 713 3439 received
730 3385 845 3455 opinion
864 3385 892 3439 in
911 3385 1007 3439 Gaius'
1019 3385 1088 3440 time
1102 3384 1140 3453 (ii.
1157 3383 1216 3453 198)
1230 3401 1289 3439 was
1306 3386 1369 3440 that

212 3467 281 3520 such
301 3484 318 3520 a
336 3468 435 3536 legacy
448 3485 505 3522 was
522 3469 597 3536 void,
610 3470 705 3523 unless
724 3469 808 3537 given
827 3486 878 3538 per
897 3469 1118 3536 damnationem,
1131 3469 1189 3522 and
1206 3484 1278 3522 even
1297 3470 1369 3524 then

211 3551 260 3603 the
280 3549 340 3603 heir
362 3568 398 3604 on
421 3550 507 3620 being
528 3553 598 3606 sued
618 3553 702 3606 could
723 3554 799 3622 repel
821 3553 869 3606 the
889 3553 998 3620 legatee
1020 3553 1059 3620 by
1077 3551 1205 3621 exceptio
1225 3551 1303 3606 doli:
1332 3553 1369 3606 cf.

214 3633 387 3702 Pomponius
400 3634 429 3688 in
444 3635 508 3704 Dig.
524 3650 565 3702 30.
579 3636 603 3690 8.
618 3652 658 3704 pr.
673 3635 713 3689 ‘si
734 3646 844 3706 partem
861 3635 1023 3704 alienasset,
1039 3646 1150 3704 partem
1167 3634 1346 3690 duntaxat..
1362 3677 1369 3690 .

213 3716 327 3771 deberi!

250 3801 322 3866 §la
349 3801 378 3853 li
398 3802 445 3855 the
471 3811 589 3856 testator
613 3819 670 3856 was
695 3802 813 3857 himself
834 3805 882 3857 the
910 3803 1041 3870 creditor,
1066 3803 1114 3856 the
1142 3802 1252 3870 debtor,
1277 3802 1370 3856 under

212 3883 361 3952 Justinian,
375 3902 432 3938 was
445 3886 554 3953 usually
566 3886 694 3940 released
707 3886 769 3955 ipso
786 3887 861 3940 facto
880 3887 918 3955 by
931 3888 979 3941 the
992 3888 1111 3955 legacy;
1130 3886 1173 3939 sor
1185 3884 1228 3938 his
1246 3883 1322 3954 right
1337 3895 1369 3940 to

189 3984 194 3991 ·
212 3970 323 4037 compel
341 3969 388 4022 the
405 3969 466 4023 heir
485 3980 514 4024 to
532 3971 640 4025 release
658 3969 717 4024 him
736 3970 770 4024 cs.
786 3970 850 4039 Dig.
866 3985 909 4038 34.
923 3985 946 4038 3.
961 3985 984 4038 3.
1000 3985 1015 4037 3
1030 3969 1137 4037 ‘agere,
1154 3978 1184 4022 ut
1201 3968 1305 4022 liberer
1317 3986 1369 4039 per

213 4052 475 4121 acceptilationem.’
513 4053 542 4106 lf
556 4054 603 4107 the
622 4054 744 4107 creditor
762 4071 819 4107 was
839 4071 918 4107 some
936 4070 991 4107 one
1009 4054 1076 4120 else,
1095 4053 1143 4106 the
1162 4051 1264 4105 debtor
1282 4052 1368 4107 could

212 4136 323 4205 compel
336 4136 384 4190 the
397 4136 458 4190 heir
470 4146 499 4190 to
512 4153 568 4206 pay
580 4137 628 4191 the
648 4137 715 4190 debt
728 4137 785 4190 and
798 4153 830 4190 so
848 4136 998 4205 discharge
1011 4135 1079 4203 him,
1094 4134 1161 4204 Dig.
1174 4134 1210 4188 ib.
1225 4135 1249 4188 8.
1264 4150 1315 4204 pr.,
1328 4135 1366 4190 ib.

215 4233 244 4272 11
266 4219 381 4284 and'14
430 4221 459 4272 1r
479 4222 527 4274 the
551 4221 696 4289 supposed
720 4221 788 4274 debt
812 4237 870 4274 was
895 4219 1094 4286 non-existent,
1116 4219 1165 4272 the
1185 4218 1296 4287 legatee
1318 4229 1368 4288 got

213 4301 352 4369 nothing;
376 4303 434 4356 and
455 4304 503 4357 the
523 4305 621 4373 legacy
641 4320 698 4358 was
723 4302 921 4372 extinguished
946 4304 984 4372 by
1003 4301 1157 4357 extinction
1179 4301 1212 4355 οἱ
1227 4302 1276 4355 the
1297 4301 1367 4357 debt

214 4383 316 4451 during
328 4384 376 4439 the
388 4387 528 4440 testators
541 4386 665 4440 lifetime.

251 4464 324 4536 §la
349 4468 455 4525 Where
472 4486 575 4537 money
592 4470 647 4524 due
662 4485 699 4524 on
718 4487 736 4524 a
754 4468 860 4524 certain
876 4469 940 4538 day,
959 4485 991 4523 or
1010 4485 1047 4523 on
1066 4469 1116 4524 the
1134 4467 1282 4523 fulfilment
1301 4467 1337 4522 os
1350 4484 1369 4524 a
