2986 5048
207 324 273 413 536
410 332 484 388 INS
487 332 559 388 TIT
562 330 760 388 UTIONUM
777 329 897 385 LIBRI
917 328 1151 401 QUATTUOR.
1243 330 1362 397 [ΜΝ.

163 515 196 570 14
211 498 265 565 Sic
281 500 393 581 itaque
413 497 561 562 discretis
583 497 769 563 actionibus
791 507 917 561 certum
939 506 990 560 est
1012 516 1078 560 non
1100 517 1197 578 posse
1212 505 1361 561 actorem

210 623 278 667 rem
300 622 394 665 suam
416 603 462 665 ita
477 602 520 664 ab
535 601 646 684 aliquo
668 612 780 683 petere
796 601 841 663 ‘si
861 610 954 682 paret
977 620 1052 663 eum
1072 601 1151 663 dare
1169 600 1362 682 oportere’:

209 726 270 770 nec
286 707 371 768 enim
388 706 477 788 quod
494 706 614 769 actoris
632 714 682 768 est
703 705 735 767 id
753 705 782 768 ei
803 705 874 768 dari
895 712 1037 786 oportet,
1053 704 1130 786 quia
1151 704 1274 768 seilicet
1289 704 1363 767 dari

210 809 363 890 cuiquam
386 809 419 872 id
443 808 653 890 intellegitur,
676 809 766 891 quod
790 809 836 872 ita
860 809 965 886 datur,
986 819 1023 872 ut
1046 810 1116 871 eius
1139 807 1207 884 fiat,
1227 829 1287 872 nec
1312 828 1364 872 res

210 933 296 995 quae
312 913 377 974 iam
393 913 514 975 actoris
530 923 580 976 est
595 912 700 995 magis
712 913 782 976 eius
798 911 866 974 fieri
882 920 1004 993 potest.
1039 912 1137 993 plane
1152 912 1230 975 odio
1245 912 1364 989 surum,

211 1037 278 1099 quo
294 1016 399 1097 magis
414 1015 560 1098 pluribus
575 1016 759 1080 actionibus
775 1024 959 1093 teneantur,
972 1014 1126 1079 effectum
1142 1026 1202 1092 est,
1213 1025 1249 1079 ut
1265 1026 1365 1079 extra

212 1140 354 1202 poenam
386 1119 478 1202 dupli
508 1130 567 1184 aut
596 1119 771 1203 quadrupli
799 1120 843 1182 rei
875 1118 1083 1201 recipiendae
1113 1119 1246 1182 nomine
1276 1119 1366 1182 sures

214 1224 315 1287 etiam
346 1222 408 1287 hac
438 1224 568 1287 actione
595 1234 769 1288 teneantur
798 1223 842 1285 ‘si
869 1232 963 1304 paret
994 1243 1051 1285 eos
1082 1222 1162 1286 dare
1192 1218 1365 1305 oportere:

213 1326 366 1409 quamvis
388 1327 430 1390 sit
452 1328 610 1391 adversus
632 1348 690 1391 eos
710 1329 812 1392 etiam
833 1325 914 1389 haec
931 1327 964 1388 in
985 1346 1053 1389 rem
1076 1327 1172 1405 actio,
1187 1346 1247 1408 per
1262 1346 1366 1408 quam

167 1443 201 1499 15
215 1450 284 1495 rem
301 1450 394 1494 suam
410 1431 484 1513 quis
500 1452 571 1495 esse
586 1432 680 1513 petit.
726 1429 949 1513 Appellamus
964 1440 1076 1493 autem
1095 1431 1128 1493 in
1145 1450 1213 1493 rem
1229 1429 1366 1512 quidem

214 1536 360 1598 actiones
372 1534 627 1598 vindicationes:
650 1534 683 1596 in
700 1553 876 1616 personam
891 1553 968 1596 vero
985 1535 1140 1611 actiones,
1152 1534 1271 1616 quibus
1286 1534 1368 1597 dare

214 1638 322 1703 lacere
342 1648 494 1720 oportere
515 1638 704 1715 intenditur,
730 1637 963 1701 condictiones.
1007 1638 1179 1701 condicere
1204 1638 1291 1701 enim
1316 1648 1368 1701 est

215 1743 408 1807 denuntiare
431 1743 537 1824 prisca
558 1742 687 1825 lingua:
715 1761 800 1806 nunc
815 1761 893 1805 vero
915 1741 1049 1805 abusive
1072 1743 1211 1806 dicimus
1234 1742 1369 1806 condic·

215 1847 340 1910 tionem
356 1846 519 1909 actionem
537 1848 569 1910 in
586 1866 760 1928 personam
778 1866 860 1920 esse,
872 1866 938 1928 qua
956 1856 1048 1909 actor
1063 1846 1203 1910 intendit
1219 1845 1288 1909 dari
1304 1846 1369 1909 sibi

215 1960 386 2032 oportere:
410 1949 499 2013 nulla
515 1951 602 2013 enim
618 1950 681 2014 hoc
697 1960 846 2031 tempore
861 1969 902 2012 eo
917 1950 1050 2012 nomine
1065 1949 1271 2013 denuntiatio
1288 1948 1336 2012 fit.

170 2068 203 2123 16
263 2053 413 2135 Sequens
436 2052 491 2114 illa
519 2054 635 2116 divisio
658 2063 716 2128 est,
744 2053 832 2135 quod
861 2052 1026 2135 quaedam
1050 2054 1196 2116 actiones
1220 2053 1264 2115 rei
1294 2073 1370 2134 per·

217 2157 404 2238 sequendae
430 2157 535 2237 gratia
564 2166 774 2238 comparatae
798 2165 884 2231 sunt,
909 2157 1074 2238 quaedam
1105 2176 1231 2238 poenae
1257 2176 1370 2238 perse·

170 2259 377 2342 liquendae,
404 2259 570 2341 quaedam
602 2261 728 2323 mixtae
758 2271 845 2324 sunt.
897 2259 959 2323 Rei
991 2260 1239 2342 persequendae
1269 2279 1372 2323 causa

218 2372 429 2444 comparatae
441 2374 518 2427 sunt
533 2384 649 2426 omncs
664 2365 697 2426 in
709 2384 778 2427 rem
791 2364 946 2427 actiones
978 2384 1090 2426 earum
1102 2384 1180 2427 vero
1192 2364 1371 2440 actionum,

220 2619 252 2672 os
267 2621 345 2675 thern
365 2620 408 2674 ‘in
428 2638 487 2676 rem
506 2638 570 2676 esse
588 2619 733 2675 videntur’
745 2620 867 2674 because
886 2620 934 2674 the
954 2618 1079 2690 plaintiff
1091 2620 1172 2673 ‘curn
1191 2636 1226 2673 eo
1244 2618 1302 2688 agit
1322 2620 1371 2689 qui

220 2703 297 2756 nullo
311 2703 369 2757 iure
382 2704 407 2759 ei
421 2705 561 2773 obligatus
571 2715 623 2771 est,
633 2715 727 2757 movet
738 2712 833 2757 tamen
845 2702 927 2757 alicui
939 2704 974 2757 de
984 2703 1079 2773 aliqua
1091 2721 1121 2757 re
1134 2704 1372 2757 controversiam’

222 2785 235 2855 ξ
254 2802 263 2839 1
280 2804 354 2856 supr.
368 2807 373 2842 :
394 2789 427 2842 cl.
443 2789 532 2843 Gaius
545 2788 580 2843 iv.
594 2790 628 2853 87
641 2805 647 2854 ;
666 2788 774 2856 though
787 2787 816 2839 in
830 2803 909 2840 some
921 2804 1057 2857 passages
1072 2788 1105 2855 (e.
1112 2804 1139 2856 g.
1151 2787 1218 2855 Dig.
1230 2801 1272 2852 44
1288 2800 1313 2852 7.
1327 2800 1372 2853 37.

222 2887 261 2940 pr.
277 2891 283 2935 ;
302 2872 326 2924 6.
342 2887 361 2924 ι.
380 2886 401 2925 r.
416 2872 442 2938 2)
457 2872 524 2940 they
536 2889 585 2926 are
598 2870 725 2941 opposed
739 2881 768 2925 to
781 2869 993 2924 vindicationes.
1026 2871 1088 2923 The
1101 2869 1304 2939 praeiudicium
1318 2872 1372 2924 ‘an

222 2954 405 3023 aliquislibet
418 2955 469 3008 sit’
482 2973 538 3008 was
552 2955 631 3009 older
644 2970 714 3008 even
729 2955 797 3007 than
811 2954 858 3008 the
873 2953 985 3008 Twelve
999 2954 1123 3008 Tables:
1143 2953 1201 3007 ‘ius
1215 2953 1291 3023 quod
1311 2953 1372 3023 ipse

221 3035 342 3106 [Appius
362 3037 508 3109 Claudius]
521 3057 554 3094 ex
568 3048 661 3092 vetere
680 3037 738 3090 iure
756 3037 784 3091 in
798 3036 948 3091 duodecim
964 3038 1075 3091 tabulas
1093 3038 1288 3092 transtulerat'
1303 3037 1371 3107 Dig.

227 3136 247 3172 r.
263 3136 287 3173 2.
301 3136 325 3175 2.
340 3137 382 3187 24.

260 3202 273 3273 ξ
288 3207 333 3257 14.
354 3204 396 3258 0f
410 3222 509 3258 course
528 3206 576 3258 the
596 3204 759 3274 expression
773 3204 812 3257 ‘si
833 3215 920 3273 paret,
936 3207 999 3258 etc!
1015 3205 1068 3258 has
1087 3222 1124 3258 no
1142 3204 1242 3258 formal
1260 3221 1291 3257 or
1310 3222 1374 3275 pro·

223 3288 333 3341 cessual
354 3287 543 3357 signification
563 3288 591 3342 in
610 3286 771 3358 Justinian;
790 3288 827 3341 all
846 3288 907 3341 that
926 3287 950 3341 is
970 3298 1066 3342 meant
1088 3288 1112 3341 is
1131 3289 1192 3342 that
1214 3305 1231 3342 a
1253 3287 1379 3357 plaintiis

224 3379 328 3424 cannot
347 3371 385 3440 by
397 3389 415 3425 a
433 3371 491 3425 real
509 3370 604 3425 action
623 3371 746 3424 demand
766 3387 946 3438 conveyance
965 3371 1064 3438 (datio)
1082 3372 1133 3426 but
1152 3372 1257 3439 merely
1276 3388 1374 3441 recog-

224 3454 313 3508 nition
327 3454 359 3507 ol
367 3454 412 3508 his
425 3455 583 3524 ownership
596 3472 628 3508 or
641 3455 721 3509 other
734 3453 778 3508 ius
791 3455 818 3507 in
832 3472 900 3508 rem.
929 3455 986 3508 For
998 3457 1045 3509 the
1059 3456 1192 3523 anomaly
1201 3456 1234 3508 os
1242 3456 1375 3524 allowing

224 3555 241 3591 a
255 3554 356 3606 person
371 3539 465 3591 whose
478 3549 611 3607 property
621 3538 673 3591 has
686 3538 758 3591 been
771 3539 861 3591 stolen
876 3539 923 3592 the
937 3538 1034 3607 option
1048 3538 1174 3592 between
1186 3556 1202 3592 a
1215 3539 1272 3592 real
1286 3539 1343 3592 and
1357 3557 1375 3592 a

224 3622 356 3690 personal
375 3621 470 3675 action
490 3638 537 3675 see
551 3638 578 3691 p.
594 3635 643 3690 507
659 3638 733 3691 supr.
773 3623 805 3674 ln
820 3621 875 3674 this
889 3621 1056 3675 connection
1070 3621 1173 3675 furtum
1187 3621 1314 3676 includes
1325 3636 1374 3677 not

224 3704 290 3772 only
300 3703 407 3773 rapina,
418 3705 468 3758 but
481 3703 586 3758 violent
599 3716 694 3758 ouster
705 3705 777 3758 from
791 3705 875 3758 land:
898 3705 941 3759 ‘et
954 3704 989 3773 ei,
1003 3704 1049 3775 qui
1063 3704 1089 3757 vi
1103 3704 1226 3774 aliquem
1241 3705 1277 3759 de
1287 3705 1375 3759 fundo

225 3786 358 3841 deiecerit
372 3805 456 3857 posse
470 3788 595 3842 condici’
616 3788 681 3856 Dig.
700 3804 709 3841 ι
715 3803 739 3856 3.
754 3803 778 3856 3.
794 3804 817 3841 2.
835 3800 874 3856 15.

262 3867 276 3939 ξ
290 3874 335 3922 15.
356 3872 412 3923 For
424 3871 472 3924 the
485 3870 575 3939 origin
589 3871 646 3924 and
660 3870 766 3940 history
776 3871 808 3923 of
817 3871 959 3925 condictio
972 3888 1019 3926 see
1034 3873 1176 3925 Excursus
1187 3872 1213 3924 X
1224 3871 1273 3925 ins.
1312 3873 1376 3926 The

226 3953 351 4022 grounds
364 3970 439 4023 upon
454 3954 545 4007 which
562 3953 583 4008 it
603 3955 649 4023 lay
662 3971 733 4008 were
753 3954 801 4008 the
820 3971 899 4008 same
918 3955 946 4008 in
965 3953 1129 4023 Justinian’s
1148 3954 1216 4008 time
1233 3955 1309 4008 asin
1328 3956 1377 4010 the

226 4039 379 4106 formulary
391 4038 489 4107 period
502 4058 509 4102 ;
529 4037 579 4091 viz.
592 4050 728 4106 mutuum,
742 4038 841 4092 formal
861 4049 997 4106 contract,
1013 4039 1145 4107 legatum,
1157 4039 1200 4092 lex
1218 4036 1244 4108 (ξ
1260 4054 1293 4104 24
1306 4039 1377 4106 ini),

227 4121 285 4175 and
297 4121 472 4175 enrichment
486 4120 519 4173 ol
527 4138 545 4174 a
557 4120 711 4175 defendant
724 4131 753 4174 at
767 4121 814 4175 the
828 4121 973 4190 plaintiff's
987 4133 1047 4174 cost
1061 4120 1121 4175 sine
1139 4139 1225 4175 causa
1239 4142 1246 4187 ;
1265 4122 1314 4176 but
1328 4123 1377 4177 the

228 4206 311 4274 penal
325 4203 440 4273 sponsio
454 4203 552 4258 tertiae
566 4204 654 4273 partis
672 4204 699 4257 in
714 4203 856 4258 condictio
869 4205 937 4258 certi
955 4205 1013 4258 had
1032 4205 1228 4274 disappeared,
1241 4223 1273 4259 as
1286 4205 1377 4274 might

228 4288 263 4341 be
277 4287 398 4341 inferred
411 4288 482 4341 from
496 4289 544 4342 the
558 4287 729 4357 description
744 4287 772 4340 in
786 4286 800 4357 ξ
818 4302 848 4354 17
863 4287 910 4342 inf.
922 4289 1011 4342 nithe
1024 4289 1141 4357 remedy
1153 4306 1189 4342 on
1203 4300 1332 4343 mutuum
1345 4306 1378 4344 as

228 4371 334 4438 merely
346 4371 386 4424 rei
399 4370 597 4440 persecutoria

265 4451 337 4522 517.
359 4453 478 4510 Actions
500 4454 539 4508 rei
560 4454 772 4525 persequendae
794 4471 880 4509 causa
902 4472 950 4510 are
969 4455 1083 4509 defined
1104 4472 1135 4509 as
1159 4457 1240 4510 those
1261 4455 1378 4526 ‘quibus
