2986 5048
164 374 216 425 ra
229 366 281 437 aa]
347 364 504 438 oureus
524 363 662 419 Moars
684 362 911 418 oarrcnrro
936 361 1152 421 rotamur.
1249 367 1314 437 447

165 552 306 609 servum,
321 529 354 594 in
376 550 444 613 quo
466 548 562 593 usum
585 527 728 592 fructum
746 527 800 592 vel
822 548 918 592 usum
941 527 1083 604 habetis,
1099 527 1251 592 similiter
1271 548 1315 592 ex

164 635 295 701 duabus
310 634 382 698 istis
396 633 503 697 causis
517 632 611 697 vobis
628 632 819 714 adquiritur.
865 630 1086 696 Communem
1108 651 1239 694 servum
1255 652 1316 714 pro
1329 653 1346 707 3

165 738 332 804 dominica
357 746 453 819 parte
481 734 625 800 dominis
650 734 822 819 adquirere
848 746 975 800 certum
1002 744 1062 810 est,
1090 745 1234 816 excepto
1265 755 1315 813 eo,

166 843 257 926 quod
288 842 344 905 uni
375 839 572 905 nominatim
605 839 796 923 stipulando
825 849 884 904 aut
908 861 967 922 per
991 838 1205 904 traditionem
1230 839 1316 903 acci·

166 946 290 1029 piendo
320 942 366 1008 illi
391 943 453 1008 soli
483 943 637 1027 adquirit,
662 943 776 1020 veluti,
803 963 878 1007 cum
910 943 956 1007 ita
982 941 1177 1024 stipuletur:
1208 941 1317 1006 ‘Titio

166 1049 304 1114 domino
319 1069 395 1112 meo
410 1047 490 1112 dare
501 1044 687 1131 spondes?'
710 1049 769 1112 sed
786 1049 812 1112 si
829 1048 925 1111 unius
947 1045 1072 1110 domini
1094 1046 1182 1110 iussu
1205 1066 1318 1109 servus

167 1151 265 1217 suerit
286 1150 471 1235 stipulatus,
489 1150 566 1216 licet
585 1160 685 1216 antea
705 1151 928 1229 dubitabatur,
943 1158 1056 1214 tamen
1077 1159 1154 1232 post
1170 1158 1318 1212 nostram

166 1256 366 1321 decisionem
389 1275 440 1319 res
456 1255 615 1337 expedita
632 1267 692 1336 est,
708 1266 745 1322 ut
767 1254 813 1319 illi
837 1264 967 1320 tantum
991 1254 1152 1338 adquirat,
1170 1253 1226 1337 qui
1249 1252 1314 1318 hoc

168 1360 199 1426 ei
213 1358 322 1425 facere
337 1359 440 1440 iussit,
456 1369 493 1424 ut
509 1380 607 1444 supra
623 1360 750 1427 dictum
767 1369 827 1427 est.

682 1600 815 1668 XXIX.

380 1778 518 1845 omaus
541 1779 657 1830 rioms
680 1777 881 1829 osmonmo
905 1776 1104 1829 rouurrun.

215 1928 359 1994 Tollitur
373 1939 485 1994 autem
501 1929 608 1994 omnis
623 1928 783 2012 obligatio
801 1928 965 1993 solutione
981 1928 1051 1993 eius
1067 1929 1156 2011 quod
1172 1929 1321 2005 debetur,

171 2035 225 2099 vel
241 2035 268 2099 si
283 2034 356 2119 quis
377 2034 603 2099 consentiente
625 2034 787 2099 creditore
805 2032 895 2098 aliud
913 2054 974 2116 pro
992 2032 1059 2097 alio
1079 2031 1220 2098 solverit.
1259 2053 1321 2097 nec

171 2147 286 2204 tamen
302 2139 446 2218 interest,
461 2139 535 2221 quis
550 2138 667 2214 solvat,
683 2150 793 2203 utrum
815 2138 885 2220 ipse
902 2139 958 2221 qui
982 2139 1083 2203 debet
1103 2158 1145 2201 an
1161 2138 1246 2201 alius
1262 2158 1322 2221 pro

173 2341 200 2397 it
215 2356 239 2411 9
253 2355 279 2409 4,
292 2342 350 2397 and
363 2342 437 2396 what
454 2341 479 2396 is
497 2340 560 2396 said
578 2341 655 2409 here,
668 2340 729 2395 that
744 2340 782 2394 all
797 2341 979 2395 commodum
992 2340 1099 2412 arising
1110 2358 1145 2396 ex
1157 2341 1251 2411 operis
1264 2339 1322 2395 suis

173 2442 291 2481 accrues
309 2435 339 2480 to
352 2426 401 2481 the
413 2442 518 2496 person
536 2424 643 2494 having
654 2425 703 2479 the
715 2440 775 2491 use,
789 2441 881 2478 seems
895 2423 1124 2480 irreconcileable
1137 2425 1204 2481 with
1218 2425 1283 2494 Dig.
1298 2436 1324 2490 7.

174 2508 200 2563 8.
216 2522 257 2574 14.
269 2524 310 2578 pr.
325 2507 391 2578 ‘per
403 2524 516 2563 servum
528 2507 673 2562 usuarium
685 2506 708 2561 si
723 2506 840 2577 stipuler
854 2508 898 2562 vel
915 2524 966 2578 per
981 2507 1163 2563 traditionem
1175 2507 1324 2578 accipiam,

174 2607 211 2648 an
230 2589 388 2662 adquiram,
407 2590 558 2662 quaeritur,
577 2590 600 2644 si
619 2607 654 2645 ex
672 2607 703 2645 re
721 2606 786 2644 mea
804 2590 848 2644 vel
867 2607 901 2645 ex
919 2590 1013 2661 operis
1032 2591 1101 2660 eius,
1120 2602 1149 2646 et
1166 2591 1189 2646 si
1209 2591 1325 2662 quidem

174 2695 209 2734 ex
228 2678 321 2749 operis
340 2678 409 2747 eius,
421 2695 479 2733 non
492 2677 605 2747 valebit,
619 2676 752 2748 quoniam
772 2693 824 2731 nec
843 2677 936 2733 locare
954 2676 1014 2733 eius
1033 2695 1134 2748 operas
1153 2695 1303 2748 possumus
1318 2697 1324 2743 ;

174 2763 227 2819 sed
237 2762 260 2818 si
269 2781 304 2817 ex
313 2780 344 2818 re
353 2779 426 2831 mea,
434 2761 554 2817 dicimus
563 2779 675 2818 servum
685 2760 829 2815 usuarium
838 2759 1020 2831 stipulantem
1030 2762 1073 2817 vel
1084 2778 1135 2831 per
1143 2760 1325 2816 traditionem

176 2846 364 2917 accipientem
377 2845 447 2901 mihi
460 2845 617 2916 adquirere,
630 2861 695 2899 cum
712 2844 766 2898 hac
779 2861 866 2914 opera
878 2844 939 2899 eius
951 2846 1032 2899 utar!
1067 2845 1130 2899 The
1142 2845 1219 2898 truth
1232 2861 1325 2899 seems

175 2939 206 2987 to
227 2930 264 2984 be
284 2931 346 2985 that
365 2931 414 2985 the
436 2928 541 2984 benefit
560 2929 593 2983 oi
608 2945 664 2998 any
682 2938 810 2982 contract
829 2928 913 2982 made
931 2928 969 2997 by
988 2945 1006 2983 a
1024 2929 1101 2983 slave
1119 2945 1154 2984 ex
1172 2945 1202 2983 re
1220 2926 1325 2982 usuarii

176 3013 276 3069 vested
294 3014 323 3068 in
342 3014 391 3070 the
409 3015 500 3081 latter,
513 3014 621 3083 though
641 3012 678 3068 he
696 3012 780 3067 could
797 3022 847 3067 not
860 3013 898 3067 let
911 3023 959 3067 out
972 3014 1020 3068 the
1033 3015 1133 3068 slave's
1146 3011 1287 3068 services:
1306 3012 1330 3067 is

176 3099 226 3153 the
247 3099 331 3153 latter
351 3098 389 3153 let
411 3099 490 3171 them
511 3107 559 3151 out
581 3097 699 3152 himself
719 3096 768 3152 the
788 3113 897 3152 merces
917 3097 1002 3152 could
1021 3098 1057 3153 be
1077 3096 1199 3153 claimed
1219 3097 1258 3167 by
1277 3098 1326 3152 the

177 3198 290 3251 usuary,
305 3181 369 3252 Dig.
384 3195 410 3249 7.
423 3183 448 3237 8.
465 3195 503 3249 13.

215 3262 271 3335 53.
291 3265 360 3320 Cod
374 3279 399 3332 4
413 3278 456 3331 27.
470 3279 504 3333 3:
523 3264 558 3320 ci.
572 3264 626 3319 Tit.
645 3277 683 3331 17.
698 3277 714 3332 3
727 3264 784 3318 and
797 3276 888 3326 notes,
901 3282 976 3336 supr.

214 3351 273 3403 ¹1¹1:
287 3352 409 3403 mx.
428 3348 509 3403 Alter
518 3347 680 3417 describing
689 3347 753 3402 how
766 3347 936 3418 obligations
950 3366 1017 3418 may
1028 3348 1102 3405 arise
1116 3349 1187 3403 from
1200 3356 1328 3403 contract

179 3431 237 3488 and
250 3432 480 3503 quasi-contract,
493 3431 633 3503 Justinian
647 3431 784 3502 proceeds
797 3441 827 3486 to
843 3432 921 3486 show
933 3433 998 3486 how
1010 3434 1077 3503 they
1089 3451 1137 3487 are
1150 3431 1327 3500 discharged.

181 3517 259 3571 Here
279 3518 327 3572 the
349 3516 499 3586 metaphor
515 3515 554 3585 by
572 3515 664 3570 which
680 3515 755 3571 their
772 3514 897 3570 creation
917 3515 941 3570 is
960 3534 993 3571 so
1011 3516 1116 3586 vividly
1135 3515 1286 3587 presented
1305 3515 1329 3569 is

179 3599 366 3669 consistently
378 3599 530 3654 continued
544 3617 550 3653 :
570 3616 606 3653 an
624 3597 780 3667 obligatior
798 3598 822 3653 is
835 3598 978 3654 dissolved
991 3599 1029 3669 by
1041 3601 1090 3655 the
1102 3598 1221 3669 untying
1233 3598 1266 3652 oi
1281 3598 1329 3652 the

178 3683 249 3739 knot
262 3683 301 3753 by
312 3685 361 3738 the
373 3683 453 3753 tying
465 3683 498 3736 oi
512 3681 604 3737 which
624 3680 644 3737 it
664 3699 720 3736 was
740 3681 877 3751 imposed,
891 3682 939 3738 the
955 3684 1070 3752 general
1089 3693 1160 3738 term
1178 3681 1330 3752 employed

179 3766 267 3837 being
286 3768 403 3834 solvere,
423 3766 452 3820 in
471 3767 519 3820 the
539 3782 623 3820 sense
643 3764 676 3819 os
689 3765 800 3835 loosing
819 3783 851 3820 or
869 3765 1027 3836 releasing:
1049 3765 1184 3821 ‘solvisse
1201 3764 1330 3835 accipere

180 3850 319 3906 debemus
344 3866 401 3904 non
426 3859 536 3904 tantum
558 3866 631 3917 eum,
654 3848 701 3919 qui
724 3848 816 3918 solvit,
835 3866 933 3903 verum
955 3865 1069 3903 omnem
1091 3848 1208 3903 omnino
1229 3848 1331 3919 quiea

180 3933 355 4004 obligatione
367 3933 501 3988 liberatus
514 3942 566 4001 est,
579 3949 652 4003 quae
665 3949 700 3987 ex
713 3949 799 3986 causa
816 3931 930 3986 iudicati
948 3931 1111 3987 descendit’
1131 3931 1196 4002 Dig.
1209 3946 1253 3997 42.
1270 3945 1291 3986 1.
1304 3945 1328 3997 4

181 4031 207 4085 7,
227 4016 353 4071 ‘solvere
372 4016 492 4071 dicimus
518 4032 592 4084 eum,
614 4015 662 4087 qui
687 4015 716 4069 id
742 4015 808 4070 iacit
830 4016 906 4087 quod
924 4014 1018 4071 iacere
1036 4015 1181 4086 promisit’
1201 4015 1266 4083 Dig.
1288 4027 1331 4083 5ο.

184 4101 226 4155 16.
248 4100 306 4168 176,
326 4098 489 4154 ‘solutionis
514 4100 631 4154 verbum
653 4099 774 4170 pertinet
799 4099 837 4154 ad
861 4116 975 4153 omnem
1001 4098 1198 4154 liberationem
1217 4114 1332 4168 quoquo

181 4183 269 4239 modo
287 4183 401 4251 iactam,
419 4182 567 4252 magisque
586 4183 623 4237 ad
641 4182 830 4238 substantiam
850 4181 1031 4251 obligationis
1051 4183 1169 4237 refertur
1189 4198 1275 4252 quam
1294 4181 1332 4234 ad

181 4283 363 4322 nummorum
381 4266 567 4322 solutionem'
586 4267 652 4336 Dig.
672 4265 708 4321 ib.
728 4280 770 4333 47.
810 4268 844 4321 In
862 4265 1032 4321 connection
1050 4265 1117 4321 with
1135 4266 1184 4320 the
1202 4264 1332 4321 different

181 4351 289 4407 classes
302 4351 335 4406 os
349 4360 492 4406 contracts
505 4349 609 4405 indeed
621 4351 670 4405 the
680 4348 778 4420 jurists
795 4350 857 4404 love
875 4349 924 4404 the
937 4348 1055 4418 conceit,
1069 4350 1130 4405 that
1143 4359 1173 4404 to
1186 4349 1234 4403 the
1246 4365 1334 4402 causa

182 4435 222 4504 by
235 4434 325 4490 which
338 4435 387 4490 the
407 4433 543 4503 obligatio
562 4432 585 4488 is
604 4432 785 4503 engendered
798 4432 827 4487 in
839 4434 910 4488 each
923 4432 956 4487 oi
964 4434 1043 4489 thern
1055 4431 1242 4503 respectively
1253 4433 1334 4488 there

183 4518 288 4575 should
311 4518 348 4574 be
372 4535 390 4572 a
414 4516 568 4589 peculiarly
593 4516 816 4589 corresponding
843 4517 929 4574 mode
954 4517 987 4571 of
1007 4517 1136 4573 release:
1163 4515 1251 4570 ‘nihil
1276 4525 1335 4571 tam
