2986 5048
143 367 255 434 nera]
312 367 374 423 ns
394 368 471 424 ms
489 369 574 424 Pare
595 368 705 442 Quos
724 370 869 427 AGERE
889 372 1124 432 POSSUMUS.
1226 365 1289 451 567

694 588 739 653 X.

350 766 400 817 nn
424 766 486 817 rus
509 766 579 817 nnn
601 766 699 830 Quos
722 768 848 819 nunna
872 769 1075 824 Possumus

183 911 281 978 Nunc
310 914 512 981 admonendi
538 936 651 980 sumus
677 936 776 1000 agere
802 938 900 1000 posse
923 919 1106 1001 quemlibet
1139 929 1198 985 aut
1229 942 1290 986 suo

140 1017 273 1080 nomine
297 1027 356 1083 aut
381 1017 500 1083 alieno.
537 1019 645 1083 alieno
670 1018 774 1085 veluti
803 1023 1027 1102 procuratorio
1051 1025 1173 1088 tutorio
1197 1045 1291 1088 cura·

139 1119 235 1194 torio,
250 1140 326 1183 cum
341 1121 421 1184 olim
437 1122 471 1185 in
486 1143 545 1186 usu
562 1123 675 1187 luisset
690 1122 824 1187 alterius
841 1125 975 1190 nomine
993 1146 1091 1210 agere
1107 1147 1172 1191 non
1189 1149 1289 1211 posse

138 1220 198 1283 nisi
230 1243 290 1304 pro
314 1225 447 1306 populo,
472 1245 533 1307 pro
562 1225 724 1305 libertate,
749 1247 810 1309 pro
840 1228 955 1293 tutela.
1011 1240 1182 1312 praeterea
1213 1230 1289 1313 lege

139 1323 285 1389 Hostilia
307 1329 503 1409 permissum
526 1338 576 1393 est
598 1328 676 1393 furti
697 1350 796 1412 agere
816 1351 929 1396 eorum
953 1333 1096 1409 nomine,
1117 1334 1174 1414 qui
1197 1336 1287 1416 apud
1335 1360 1339 1366 ·

137 1428 250 1494 hostes
266 1440 376 1495 essent
396 1442 454 1497 aut
469 1432 516 1497 rei
537 1433 689 1516 publicae
707 1454 805 1498 causa
826 1435 980 1499 abessent
999 1437 1097 1517 quive
1118 1437 1151 1499 in
1172 1457 1286 1501 eorum

137 1533 229 1596 cuius
254 1534 360 1598 tutela
384 1545 505 1599 essent.
543 1546 577 1599 et
599 1537 677 1619 quia
699 1537 763 1602 hoc
785 1559 851 1602 non
875 1539 1046 1602 minimam
1071 1540 1289 1604 incommodi-

135 1645 242 1702 tatem
257 1637 411 1714 habebat,
426 1641 516 1721 quod
539 1640 648 1704 alieno
671 1642 804 1705 nomine
823 1661 932 1724 neque
954 1663 1052 1724 agere
1073 1663 1180 1726 neque
1196 1646 1287 1708 exci-

135 1760 214 1822 pere
243 1742 407 1806 actionem
437 1742 568 1821 licebat,
593 1754 772 1827 coeperunt
796 1744 949 1809 homines
976 1765 1036 1827 per
1061 1756 1288 1828 procuratores

135 2005 186 2059 per
196 1987 266 2058 legis
275 1988 405 2059 Aquiliae
414 1989 556 2045 actionem
568 1987 733 2044 iniuriarum
745 1990 882 2059 consumi,
896 1990 1030 2062 quoniam
1043 1992 1126 2050 desiit
1138 1994 1245 2048 bonum
1258 2006 1288 2050 et
1331 1995 1334 2001 '

134 2088 255 2142 aequum
274 2089 338 2128 esse
357 2073 539 2128 condemnari
552 2090 627 2140 eum,
642 2072 690 2144 qui
703 2073 930 2128 aestimationem
949 2075 1098 2145 praestitit,
1111 2077 1163 2131 sed
1181 2076 1205 2131 si
1218 2089 1285 2133 ante

133 2154 296 2209 iniuriarum
310 2165 405 2210 actum
414 2167 498 2225 esset,
508 2156 597 2211 teneri
610 2173 676 2212 eum
686 2173 720 2210 ex
730 2157 793 2225 lege
803 2155 926 2227 Aquilia.
952 2157 1010 2213 Sed
1021 2168 1050 2213 et
1063 2159 1134 2214 haec
1144 2160 1287 2216 sententia

135 2254 186 2307 per
203 2249 361 2307 praetorem
379 2238 534 2293 inhibenda
550 2249 603 2306 est,
621 2236 675 2292 nisi
695 2238 723 2293 in
746 2238 784 2307 id,
801 2240 879 2310 quod
900 2239 1022 2310 amplius
1040 2242 1154 2313 exlege
1173 2242 1288 2314 Aquilia

133 2321 277 2391 competit,
296 2333 416 2391 agatur:
438 2321 633 2378 rationabilius
655 2321 750 2393 itaque
770 2332 823 2391 est,
843 2340 907 2393 eam
928 2323 1040 2379 admitti
1059 2325 1238 2395 sententiam,
1256 2338 1286 2381 ut

132 2403 215 2459 liceat
228 2404 253 2459 ei
267 2422 353 2476 quam
366 2405 484 2460 voluerit
503 2405 644 2460 actionem
663 2405 741 2475 prius
759 2422 898 2474 exercere,
914 2407 990 2477 quod
1009 2418 1104 2463 autem
1119 2409 1242 2478 amplius
1257 2408 1287 2464 in

129 2487 219 2542 altera
246 2499 298 2555 est,
322 2488 408 2543 etiam
430 2489 485 2543 hoc
507 2488 639 2559 exsequi'
663 2487 729 2558 Dig.
748 2502 793 2554 44.
812 2502 836 2555 7.
857 2503 898 2556 34
920 2505 970 2558 pr.,
990 2489 1030 2544 ‘si
1052 2491 1147 2546 furtim
1169 2492 1285 2548 arbores

132 2587 233 2624 caesae
252 2570 316 2639 sint,
335 2582 363 2627 et
384 2588 418 2625 ex
436 2573 499 2641 lege
517 2571 633 2642 Aquilia
650 2581 678 2626 et
696 2588 731 2625 ex
749 2571 900 2625 duodecim
919 2572 1078 2627 tabularum
1096 2573 1221 2627 dandam
1239 2591 1285 2629 ac·

130 2652 237 2707 tionem
258 2654 354 2708 Labeo
372 2653 421 2709 ait.
461 2655 519 2709 Sed
538 2654 697 2722 Trebatius,
716 2653 756 2709 ita
776 2664 924 2724 utramque
945 2654 1079 2723 dandam,
1099 2665 1128 2710 ut
1151 2655 1235 2710 iudex
1254 2656 1283 2714 in

133 2735 287 2806 posteriore
298 2736 421 2791 deducat
431 2737 469 2805 id,
479 2738 556 2808 quod
564 2755 598 2791 ex
607 2736 699 2807 prima
708 2747 876 2791 consecutus
889 2735 934 2805 sit,
944 2748 972 2793 et
985 2737 1093 2808 reliquo
1103 2737 1286 2793 condemnet'

133 2819 198 2888 Dig.
209 2832 250 2885 47.
266 2833 289 2886 7.
308 2837 329 2888 r,
348 2819 412 2890 ‘qui
431 2836 491 2875 rent
508 2819 609 2889 rapuit,
621 2830 650 2875 et
668 2819 732 2873 furti
751 2835 805 2873 nec
824 2817 966 2875 manifesti
983 2829 1095 2874 tenetur
1110 2819 1139 2873 in
1157 2819 1283 2890 duplum,

130 2913 158 2956 et
178 2902 204 2956 vi
224 2914 367 2972 raptorum
387 2901 415 2956 in
434 2902 640 2973 quadruplum:
659 2902 711 2956 sed
730 2901 753 2955 si
772 2911 839 2956 ante
856 2912 952 2956 actum
969 2901 1005 2956 sit
1022 2900 1048 2955 vi
1068 2902 1207 2956 bonorum
1220 2919 1283 2973 rap·

131 2995 233 3054 torum,
244 2985 413 3055 deneganda
425 2996 468 3040 est
481 2985 555 3053 furti,
565 2984 589 3040 si
602 2994 668 3040 ante
681 2983 745 3039 furti
759 2995 853 3039 actum
867 2984 911 3052 sit,
922 3001 979 3039 non
992 2996 1035 3039 est
1049 2984 1097 3039 illa
1105 2985 1284 3056 deneganda,

130 3080 160 3123 ut
178 3079 273 3123 tamen
293 3068 330 3137 id,
344 3069 420 3139 quod
436 3067 557 3138 amplius
576 3067 605 3122 in
623 3085 658 3124 ea
676 3068 721 3136 sit,
740 3069 944 3138 consequatur'
957 3068 1024 3137 Dig.
1036 3082 1079 3135 47.
1094 3084 1117 3123 2
1132 3069 1174 3124 88.
1212 3069 1284 3125 This

130 3152 293 3206 conclusion
313 3169 406 3206 seems
425 3162 454 3207 at
473 3152 533 3206 first
551 3151 626 3221 sight
646 3152 730 3207 tube
749 3150 945 3207 contradicted
963 3152 1001 3222 by
1013 3169 1031 3206 a
1050 3151 1157 3207 dictum
1170 3151 1202 3207 ol
1220 3153 1283 3208 Mo·

129 3235 266 3304 destinus,
285 3235 382 3306 ‘plura
403 3234 507 3290 delicta
527 3234 556 3289 in
576 3251 633 3290 una
654 3251 684 3290 re
705 3236 798 3305 plures
820 3233 973 3290 admittunt
995 3234 1131 3301 actiones,
1151 3235 1203 3290 sed
1224 3252 1282 3290 non

130 3335 215 3389 posse
234 3318 365 3374 omnibus
386 3318 426 3374 uti
450 3318 601 3389 probatum
622 3328 683 3373 est:
709 3335 776 3372 nam
801 3317 825 3372 si
850 3335 885 3373 ex
906 3322 964 3374 uria
987 3317 1160 3389 obligatione
1187 3319 1281 3389 plures

130 3402 257 3457 actiones
275 3412 437 3470 nascuntur,
456 3418 513 3456 una
531 3401 737 3470 tantummodo,
754 3416 812 3454 non
832 3401 964 3455 omnibus
984 3398 1119 3455 utendum
1138 3403 1197 3456 est'
1214 3401 1282 3472 Dig.

130 3500 174 3552 44.
188 3499 213 3552 7.
229 3498 268 3554 55
282 3501 322 3555 pr.
336 3506 344 3551 ;
360 3486 411 3540 but
429 3484 487 3539 this
505 3501 571 3554 may
588 3484 624 3539 be
642 3484 729 3539 taken
747 3494 778 3538 to
796 3500 881 3538 mean
899 3485 960 3538 that
976 3484 1025 3540 the
1043 3485 1152 3538 several
1170 3483 1280 3541 actions

131 3578 234 3622 cannot
247 3568 284 3621 all
297 3568 333 3622 be
345 3567 467 3637 brought
481 3565 546 3622 with
559 3567 608 3621 full
621 3567 703 3622 effect
716 3586 724 3632 ;
742 3566 799 3620 and
814 3567 863 3621 the
875 3565 1051 3636 proposition
1065 3565 1157 3621 would
1169 3566 1206 3620 be
1218 3577 1280 3623 true

130 3649 285 3719 invariably
298 3651 322 3705 if
331 3652 379 3705 the
392 3650 502 3720 injured
514 3667 626 3720 person,
640 3650 732 3706 where
744 3650 781 3705 be
793 3648 851 3704 had
866 3665 904 3703 an
916 3649 1091 3718 alternative,
1104 3667 1161 3704 was
1174 3650 1280 3705 carelul

129 3734 242 3802 enough
261 3745 290 3790 to
309 3734 396 3789 select
418 3734 466 3788 the
484 3734 601 3804 remedy
618 3733 657 3803 by
676 3731 767 3787 which
784 3732 822 3788 be
842 3732 926 3787 could
947 3749 1063 3789 recover
1084 3732 1133 3788 the
1152 3732 1279 3789 beaviest

129 3819 253 3888 penalty.

162 3903 222 3954 nrt.
233 3903 272 3954 X
294 3900 336 3953 Ol
350 3900 398 3955 the
416 3898 580 3969 exceptions
599 3908 629 3954 to
647 3898 696 3954 the
714 3897 762 3953 old
782 3898 841 3953 rule
858 3915 944 3953 nemo
960 3897 1054 3953 alieno
1066 3897 1181 3954 nomine
1193 3915 1278 3968 agere

128 3993 221 4053 potest
241 3982 318 4051 (Dig.
335 3995 374 4051 50.
392 3995 431 4050 17.
449 3981 510 4050 123)
530 3981 598 4052 ‘pro
615 3981 736 4052 populo’
753 3981 841 4036 refers
859 3990 889 4035 to
907 3980 956 4035 the
974 3980 1101 4036 actiones
1119 3981 1278 4052 populares,

128 4065 185 4119 and
206 4067 273 4135 ‘pro
293 4064 438 4119 libertate’
457 4063 585 4119 includes
606 4063 813 4118 manumission
833 4080 884 4133 per
902 4063 1066 4131 vindictam,
1085 4079 1113 4133 p.
1133 4076 1181 4131 107
1201 4079 1276 4134 supr.

129 4147 259 4218 Nothing
274 4149 382 4203 further
398 4147 422 4202 is
438 4148 542 4201 known
559 4147 592 4202 ol
606 4148 654 4203 the
673 4148 717 4201 lex
736 4146 868 4202 Hostilia.
905 4147 992 4201 What
1010 4146 1034 4201 is
1047 4157 1142 4201 meant
1159 4147 1197 4215 by
1211 4146 1277 4217 ‘pro

127 4232 230 4286 tutela’
249 4230 277 4284 in
297 4231 346 4285 the
364 4240 423 4285 text
443 4230 467 4285 is
482 4231 567 4285 much
584 4229 737 4301 disputed3
756 4229 939 4299 Theophilus’
954 4228 1136 4299 explanation
1152 4230 1186 4283 ol
1200 4229 1220 4284 it
1239 4229 1278 4299 by

128 4314 285 4384 supposing
305 4330 323 4368 a
344 4313 399 4369 suit
423 4314 550 4369 between
571 4324 627 4369 two
651 4330 683 4368 or
706 4330 786 4368 more
810 4329 928 4383 persons
952 4312 1087 4382 claiming
1106 4329 1125 4368 a
1146 4313 1234 4367 tutela
1252 4312 1276 4367 is

127 4397 271 4466 generally
290 4396 422 4467 rejected,
442 4395 500 4451 and
521 4398 644 4467 perhaps
666 4396 687 4451 it
709 4413 776 4466 may
796 4397 833 4452 be
855 4396 929 4467 right
954 4406 984 4451 to
1005 4395 1179 4451 understand
1201 4394 1222 4450 it
1247 4397 1280 4450 ol

126 4479 237 4537 actions
250 4480 371 4552 brought
387 4481 532 4552 generally
543 4480 582 4552 by
593 4481 642 4539 the
654 4491 730 4538 tutor
742 4481 771 4536 in
783 4480 902 4538 relation
915 4491 945 4538 to
961 4481 1009 4538 the
1022 4479 1121 4537 ward's
1133 4491 1276 4552 property.
