2986 5048
165 365 281 432 Tiara]
310 364 372 422 DE
392 362 704 437 ADQUISITIONE
725 364 810 419 PER
831 362 1186 421 ADROGATIONEM.
1252 369 1314 441 371

165 529 193 594 si
218 530 428 596 admittentis
453 551 528 594 eam
560 530 717 595 indicium
747 529 834 594 intra
867 537 994 594 statuta
1023 541 1135 596 tamen
1165 538 1318 611 tempora

164 634 356 714 ostenderit,
370 634 506 717 plenum
522 633 646 699 habeat
660 654 773 699 earum
788 632 997 699 beneficium.

722 871 765 935 X.

355 1048 405 1099 DE
427 1047 698 1113 ADQUISITIONE
721 1048 791 1098 PER
814 1047 1126 1099 ADROGATIONEM.

210 1198 274 1264 Est
298 1209 332 1263 et
361 1199 494 1264 alterius
524 1197 653 1282 generis
679 1217 739 1281 per
760 1197 1006 1262 universitatem
1034 1199 1206 1277 successio,
1232 1219 1318 1281 quae

166 1324 274 1386 neque
295 1304 369 1386 lege
392 1303 567 1368 duodecim
589 1302 777 1367 tabularum
800 1322 908 1384 neque
932 1304 1094 1384 praetoris
1118 1304 1236 1379 edicto,
1258 1303 1317 1366 sed

166 1428 207 1471 eo
232 1408 310 1482 iure,
335 1406 425 1490 quod
450 1426 609 1471 consensu
635 1413 805 1487 receptum
830 1414 890 1480 est,
914 1405 1101 1469 introducta
1125 1414 1184 1469 est.
1230 1405 1346 1471 Eccel

167 1511 256 1574 enim
272 1530 347 1573 cum
363 1520 459 1592 pater
473 1509 615 1573 familias
634 1529 707 1573 sese
729 1509 763 1572 in
783 1507 1032 1592 adrogationem
1053 1509 1122 1586 dat,
1136 1529 1251 1572 omnes
1267 1530 1319 1572 res

166 1614 237 1679 eius
252 1612 437 1696 corporales
453 1624 487 1678 et
507 1612 728 1695 incorporales
749 1632 899 1694 quaeque
922 1612 952 1675 ei
973 1611 1107 1676 debitae
1130 1622 1207 1676 sunt
1222 1613 1318 1676 adro-

165 1719 273 1802 gatoti
300 1727 378 1782 ante
407 1717 542 1800 quidem
568 1717 669 1800 pleno
695 1717 764 1779 iure
790 1715 1059 1798 adquirebantur,
1085 1716 1238 1798 exceptis
1267 1716 1319 1781 his
1391 1772 1394 1778 ,

166 1842 253 1904 quae
273 1842 333 1904 per
348 1823 465 1904 capitis
484 1821 745 1886 deminutionem
760 1829 900 1902 pereunt
919 1819 1033 1902 quales
1054 1830 1130 1883 sunt
1145 1840 1318 1903 operarum

167 1924 387 2008 obligationes
408 1934 442 1990 et
465 1925 514 1989 ius
537 1924 757 2009 adgnationis.
803 1944 880 1987 usus
896 1923 1019 1987 etenim
1042 1933 1076 1987 et
1094 1923 1319 2001 ususfructus,

166 2027 245 2092 licet
260 2028 311 2092 his
331 2039 430 2093 antea
445 2028 775 2101 connumerabantur,
791 2035 941 2090 attamen
961 2027 1078 2109 capitis
1093 2027 1319 2091 deminutione

167 2132 305 2196 minima
327 2153 384 2196 eos
410 2131 482 2196 tolli
505 2143 618 2196 nostra
641 2129 810 2214 prohibuit
836 2130 1038 2194 constitutio.
1083 2130 1182 2194 Nunc
1205 2138 1349 2195 autem2

165 2348 257 2418 gradu
269 2347 384 2418 reliquis
395 2358 614 2419 praeponantur.
645 2346 675 2403 Si
686 2357 781 2403 autem
794 2346 906 2417 plurimi
916 2347 1044 2403 eiusdem
1056 2348 1161 2417 gradm
1174 2344 1320 2402 invenian-

167 2441 221 2500 tur,
234 2431 390 2486 secundum
407 2447 592 2501 personarum
609 2447 757 2485 numerum
770 2430 905 2486 intereos
922 2430 1066 2487 hereditas
1079 2430 1230 2499 dividatur,
1243 2429 1318 2500 quod

167 2513 197 2568 in
210 2513 305 2584 capita
316 2524 430 2569 nostrae
442 2515 520 2584 leges
533 2515 692 2585 appellant'
705 2516 731 2568 N
735 2530 777 2568 ov.
796 2515 854 2569 118.
867 2529 891 2582 3.
908 2529 929 2568 1.

204 2598 299 2653 These
312 2599 386 2654 rules
399 2597 472 2652 have
485 2597 558 2653 been
571 2597 758 2652 summarised
772 2596 801 2651 in
814 2598 862 2652 the
875 2595 1019 2667 following
1031 2597 1177 2652 memorial
1190 2596 1261 2652 lines
1274 2615 1280 2650 :

347 2706 533 2762 Descendens
552 2705 645 2761 omnis
663 2705 789 2762 succedit
808 2704 836 2760 in
856 2704 955 2761 ordine
974 2705 1083 2777 primo:

346 2790 513 2844 Ascendens
532 2789 655 2859 propior,
673 2806 834 2859 germanus,
854 2787 927 2842 filius
946 2787 1025 2842 eius:

345 2874 427 2929 Tunc
446 2874 534 2928 latere
551 2889 586 2927 ex
604 2890 662 2927 uno
680 2873 775 2939 frater,
794 2889 906 2943 quoque
924 2872 998 2927 filius
1016 2871 1097 2928 eius:

347 2955 386 3011 Hi
406 2955 499 3012 cuncti
519 2955 548 3011 in
566 2955 668 3026 stirpes
687 2955 851 3024 succedunt,
870 2955 899 3010 in
918 2955 1012 3026 capita
1030 2966 1125 3011 autem

348 3039 440 3095 luncti
458 3040 655 3108 ascendentes,
674 3039 792 3094 fratrum
810 3040 903 3110 proles
922 3056 1034 3111 quoque
1053 3041 1123 3094 sola.

348 3123 481 3195 Denique
498 3122 652 3194 proximior
669 3122 842 3194 reliquorum
859 3123 978 3194 quisque
997 3133 1149 3193 superstes·

204 3233 276 3301 511.
295 3230 407 3302 Failing
430 3249 501 3287 even
527 3242 671 3302 cognatm,
691 3232 739 3287 the
761 3231 922 3302 praetorian
940 3232 1001 3287 rule
1019 3231 1052 3287 of
1065 3231 1108 3286 vir
1126 3242 1154 3287 et
1174 3248 1244 3286 uxor
1261 3248 1320 3287 was

167 3314 308 3372 followed.
346 3315 448 3371 Under
467 3315 574 3371 certain
598 3315 819 3370 circumstances
843 3315 947 3371 indeed
966 3332 984 3371 a
1005 3315 1105 3370 nidore
1123 3315 1180 3370 had
1198 3332 1216 3370 a
1234 3315 1319 3370 claim

167 3399 281 3469 against
296 3399 345 3454 the
362 3408 454 3454 estate
472 3399 505 3454 of
519 3400 571 3454 her
583 3399 724 3454 deceased
741 3399 881 3467 husband,
895 3416 966 3454 even
977 3400 1059 3454 when
1079 3400 1127 3454 the
1144 3400 1227 3455 latter
1239 3399 1288 3454 left
1301 3415 1320 3454 a

168 3482 233 3551 will,
245 3500 278 3538 or
290 3481 356 3537 died
368 3481 502 3538 intestate
517 3482 623 3552 having
641 3483 723 3538 other
738 3499 919 3538 successors:
937 3483 956 3539 i.
964 3500 989 3537 e.
1002 3484 1084 3537 when
1103 3483 1155 3538 she
1167 3500 1225 3537 was
1240 3499 1319 3552 poor,

167 3566 227 3623 and
239 3566 297 3621 had
315 3582 352 3621 no
365 3565 427 3635 dos,
439 3567 492 3621 she
503 3582 561 3620 was
579 3565 698 3622 entitled
710 3576 740 3621 to
758 3582 777 3621 a
788 3564 881 3621 fourth
895 3567 928 3621 of
943 3568 994 3622 her
1005 3566 1160 3621 husband’s
1178 3576 1319 3636 property,

166 3666 209 3718 or,
219 3649 244 3704 if
251 3650 332 3706 there
340 3666 413 3704 were
425 3666 504 3705 more
513 3650 583 3704 than
596 3651 676 3705 three
686 3649 841 3719 legitimate
854 3649 981 3705 children
991 3651 1062 3704 born
1071 3649 1106 3704 of
1113 3651 1162 3705 the
1171 3649 1319 3717 marriage,

168 3743 199 3790 to
211 3749 230 3788 a
241 3732 328 3788 virilis
341 3731 442 3802 portio,
456 3734 531 3786 Nov.
547 3746 605 3799 ¹¹7·
620 3744 643 3801 5.

203 3819 315 3872 'Htx
336 3817 376 3871 So
394 3826 443 3870 too
462 3814 490 3869 in
510 3815 577 3885 Dig.
594 3831 616 3870 r.
629 3815 685 3870 6.8
707 3814 800 3885 patria
817 3825 945 3886 potestas
963 3815 988 3870 is
1009 3815 1072 3871 said
1091 3825 1121 3871 to
1139 3815 1176 3871 be
1194 3814 1320 3870 moribus

167 3908 291 3971 recepta,
304 3899 362 3955 and
375 3898 404 3953 in
421 3897 459 3953 iii.
473 3899 507 3953 82
526 3898 616 3953 Gaius
634 3898 759 3953 ascribes
778 3900 826 3954 the
844 3899 985 3954 universal
1003 3898 1166 3955 succession
1185 3897 1321 3968 resulting

166 3984 241 4040 from
253 3982 406 4038 conventio
419 3981 447 4036 in
459 3998 577 4036 manum
589 3990 620 4036 to
632 3982 680 4036 the
693 3982 737 4036 ius
749 3982 826 4053 quod
839 3999 979 4037 consensu
991 3993 1137 4053 receptum
1150 3991 1202 4037 est.

204 4066 259 4134 §L
278 4067 336 4121 For
351 4065 400 4121 the
418 4063 574 4120 extinction
593 4064 626 4120 of
640 4081 708 4119 usus
727 4065 785 4119 aad
796 4066 973 4120 ususfructus
990 4065 1029 4135 by
1041 4065 1144 4136 capitis
1161 4062 1321 4121 deminutio

167 4148 288 4205 minima
306 4165 354 4204 see
371 4165 399 4219 p.
413 4163 467 4203 210
478 4164 552 4219 supr.
591 4148 635 4217 By
652 4164 801 4218 operarum
823 4148 1009 4218 obligationes
1031 4165 1079 4203 are
1101 4158 1197 4203 meant
1216 4164 1321 4218 operae

166 4232 261 4289 liberti
280 4232 398 4287 secured
416 4232 454 4302 by
466 4231 630 4303 stipulation
649 4247 682 4285 or
700 4231 791 4307 iurata
809 4232 968 4301 promissio,
982 4230 1070 4285 Gaius
1084 4230 1121 4286 iii.
1136 4232 1191 4299 83:
1215 4247 1320 4301 operae

165 4332 313 4373 servorum
326 4314 385 4369 sive
398 4314 564 4369 animalium
576 4332 648 4370 were
666 4325 716 4370 not
729 4315 926 4385 extinguished
939 4315 968 4369 in
987 4314 1044 4371 this
1062 4331 1189 4384 manner,
1202 4325 1269 4370 note
1281 4331 1320 4369 on

167 4397 265 4456 Bkii.
279 4410 303 4467 5.
318 4409 442 4467 ssupr.:
460 4397 495 4452 cf.
510 4396 576 4467 Dig.
590 4412 616 4464 4.
631 4411 655 4467 5.
672 4413 722 4464 103
740 4411 765 4466 7.
779 4412 804 4465 7.
817 4414 853 4465 2;
872 4412 897 4465 7.
910 4400 936 4453 8.
952 4412 993 4451 ro.

204 4479 220 4555 ξ
233 4483 264 4538 2.
282 4481 359 4539 Over
370 4480 527 4539 castrensia
538 4482 597 4538 and
610 4481 691 4554 quasi
704 4481 860 4538 castrensia
872 4483 949 4538 bona
965 4481 998 4537 of
1005 4480 1160 4552 adrogatus
1172 4481 1221 4537 the
1237 4481 1321 4541 adro-

698 4571 794 4637 aba
