2986 5048
131 372 183 421 rra
195 365 247 434 25]
481 363 542 419 DE
563 362 729 418 EXCUSA
736 362 943 421 TIONJBUS.
1222 356 1283 439 165

131 546 327 620 perpetuum
364 557 423 619 per
455 536 595 620 gloriam
626 537 735 602 vivere
772 535 1013 619 intelleguntur.
1070 535 1158 600 Item
1187 535 1310 600 divusl

132 640 264 705 Marcus
279 641 312 704 in
328 643 541 706 semestribus
557 641 721 723 rescripsit
736 662 821 720 eum,
837 641 894 723 qui
912 660 963 704 res
978 638 1048 705 fisci
1062 639 1280 716 administrat,

130 766 151 808 a
172 744 275 810 tutela
290 743 342 809 vel
365 765 443 809 cura
464 746 622 827 quamdiu
640 746 850 810 administrat
868 744 1017 808 excusari
1040 764 1147 826 posse.
1193 744 1313 813 Item2

130 849 188 931 qui
212 850 258 912 rei
281 847 434 932 publicae
461 869 560 912 causa
586 849 714 923 absunt,
736 870 756 911 a
779 847 886 912 tutela
910 857 943 913 et
967 867 1044 912 cura
1069 856 1279 912 excusantur.

129 953 248 1018 sedet
274 953 300 1015 si
331 952 460 1016 luerunt
486 961 611 1017 tutores
633 952 686 1016 vel
716 960 890 1031 curatores,
912 952 1033 1016 deinde
1058 952 1103 1016 rei
1129 951 1281 1035 publicae

130 1078 230 1122 causa
251 1057 368 1121 abesse
382 1066 569 1139 coeperunt,
583 1078 604 1121 a
619 1058 724 1122 tutela
743 1065 777 1121 et
796 1076 873 1122 cura
896 1067 1102 1136 excusantur,
1117 1066 1281 1139 quatenus

130 1161 176 1224 rei
192 1160 342 1243 publicae
357 1181 455 1224 causa
470 1160 600 1239 absunt,
615 1172 649 1225 et
669 1162 793 1225 interea
812 1170 942 1225 curator
955 1160 1029 1225 loco
1045 1180 1157 1225 eorum
1173 1161 1280 1225 datur.

130 1265 186 1347 qui
209 1264 236 1327 si
259 1264 378 1327 reversi
395 1262 523 1342 suerint,
544 1265 703 1346 recipiunt
723 1285 807 1328 onus
828 1264 953 1328 tutelae
976 1284 1035 1329 nec
1057 1265 1134 1329 anni
1156 1263 1282 1328 habent

129 1368 347 1444 vacationem,
363 1377 400 1430 ut
419 1367 618 1449 Papinianus
640 1388 869 1451 responsorum
893 1368 977 1432 libro
998 1368 1115 1450 quinto
1132 1367 1280 1450 scripsit:

129 1491 207 1535 nam
235 1470 300 1535 hoc
325 1472 468 1552 spatium
494 1470 619 1535 habent
645 1472 688 1536 ad
714 1492 816 1535 novas
840 1470 961 1535 tutelas
983 1471 1102 1535 vocati.
1156 1470 1203 1534 Et
1225 1469 1313 1552 quis

130 1585 333 1658 potestatem
358 1574 503 1658 aliquam
530 1575 664 1651 habent,
692 1596 851 1640 excusare
881 1596 917 1640 se
946 1585 1093 1657 possunt,
1120 1583 1157 1639 ut
1185 1575 1281 1641 divus

131 1679 266 1744 Marcus
281 1682 452 1762 rescripsit,
467 1680 526 1744 sed
543 1690 697 1763 coeptam
720 1680 859 1745 tutelam
882 1680 1032 1744 deserere
1051 1698 1118 1743 non
1132 1687 1280 1761 possunt.

132 1784 218 1848 Item
245 1794 382 1867 propter
404 1784 505 1861 litem,
529 1805 629 1868 quam
653 1806 729 1849 cum
753 1785 878 1868 pupillo
903 1784 956 1849 vel
978 1784 1094 1849 adulto
1116 1793 1207 1848 tutor
1227 1783 1311 1855 vele

129 1898 261 1953 curator
275 1888 387 1967 habet,
399 1908 557 1952 excusare
572 1910 608 1953 se
625 1909 723 1953 nemo
739 1900 869 1971 potest:
893 1889 954 1952 nisi
970 1889 1053 1953 lorte
1067 1889 1110 1953 de
1125 1888 1281 1952 omnibus

130 1992 225 2057 bonis
238 1992 293 2056 vel
308 1992 492 2056 hereditate
510 1995 731 2057 controversia
754 1993 807 2056 sit.
854 1993 938 2056 Item
959 1994 1021 2056 tria
1040 2012 1140 2057 onera
1156 1991 1312 2059 tutelaeb

129 2115 196 2160 non
234 2096 408 2160 affectatae
442 2096 495 2160 vel
534 2116 629 2160 curae
666 2105 837 2179 praestant
866 2096 1083 2174 vacationem,
1121 2094 1280 2177 quamdiu

131 2327 174 2380 27.
191 2328 213 2368 1.
226 2329 252 2368 2.
265 2326 289 2379 7.
327 2314 384 2367 For
401 2314 450 2368 the
469 2313 622 2369 sentiment
641 2325 670 2369 at
689 2315 739 2370 the
757 2314 814 2395 end
834 2315 866 2368 of
880 2315 929 2369 the
949 2312 1058 2369 section
1078 2313 1113 2369 cf.
1132 2315 1281 2384 Tyrtaeus,

132 2397 255 2454 Carmi
274 2413 306 2464 1;
325 2397 362 2452 iii.
376 2412 420 2465 31,
433 2399 558 2465 Plautus,
572 2399 654 2468 Capt.
668 2413 693 2467 3.
708 2411 731 2469 5.
745 2413 788 2467 32,
802 2398 861 2453 Cic.
878 2414 930 2468 pro
950 2398 1041 2453 Balbo
1063 2410 1102 2463 17.
1122 2412 1166 2467 21,
1186 2398 1282 2453 Plane.

131 2495 176 2552 37,
191 2482 309 2551 Seneca,
322 2492 449 2536 controv.
465 2497 486 2537 1.
500 2483 524 2537 8.

167 2564 221 2637 §L
240 2567 363 2621 Persons
381 2565 532 2635 employed
548 2565 586 2635 by
598 2567 646 2621 the
663 2582 794 2636 emperor
805 2582 843 2621 on
862 2566 906 2621 his
925 2583 988 2621 own
1006 2565 1101 2621 affairs
1119 2566 1203 2621 could
1222 2567 1283 2622 also

130 2648 215 2704 claim
227 2648 407 2719 exemption:
428 2648 472 2702 ‘hi
485 2665 560 2718 vero,
574 2648 675 2719 quibus
688 2649 820 2720 princeps
833 2666 930 2704 curam
943 2648 1060 2704 alicuius
1073 2649 1113 2703 rei
1127 2648 1224 2723 iunxit,
1237 2666 1283 2703 ex·

130 2743 265 2788 cusantur
276 2749 294 2788 a
306 2733 401 2800 tutela,
414 2732 506 2787 donec
518 2749 615 2787 curam
628 2735 745 2802 gerunt'
760 2733 825 2803 Dig.
840 2747 883 2799 27.
900 2748 921 2789 1.
936 2748 978 2786 22.
993 2747 1023 2798 ις
1042 2731 1080 2785 ib.
1090 2746 1132 2798 41.
1146 2748 1196 2801 pr,
1212 2732 1283 2786 Cod.

132 2817 213 2887 5.62.
230 2832 268 2870 10.
306 2817 368 2870 The
387 2815 535 2871 semestria
548 2833 604 2870 was
623 2833 641 2871 a
660 2815 811 2871 collection
831 2817 862 2871 of
872 2814 1014 2871 decisions
1032 2813 1176 2869 delivered
1188 2814 1227 2883 by
1241 2816 1282 2871 M.

130 2899 261 2955 Aurelius
280 2899 309 2954 in
328 2898 372 2954 his
391 2899 472 2969 privy
484 2899 664 2954 council—so
682 2899 774 2954 called
792 2901 915 2970 perhaps
928 2900 1050 2954 because
1067 2899 1116 2952 the
1129 2899 1213 2953 latter
1225 2915 1281 2953 was

129 2984 240 3053 subject
257 2994 287 3038 to
303 2982 517 3037 reconstitution
536 2983 599 3037 hall
607 2985 712 3053 yearly,
727 2983 793 3053 Dig.
806 2998 830 3038 2.
849 2998 889 3050 14.
905 2983 956 3049 16;
978 2983 1016 3037 18.
1031 2995 1056 3048 7.
1072 2997 1123 3048 103
1142 2996 1184 3051 29.
1199 2998 1224 3037 2.
1241 2997 1281 3038 12.

131 3070 187 3124 But
197 3085 215 3122 a
223 3067 300 3138 gloss
310 3084 375 3137 says
386 3066 546 3121 ‘semestria
556 3077 621 3121 sunt
630 3067 728 3137 codex,
740 3066 768 3121 ln
780 3084 836 3138 quo
846 3065 1038 3136 legislationes
1051 3083 1102 3137 per
1111 3083 1160 3122 sex
1170 3083 1282 3122 menses

131 3152 258 3222 prolatae
271 3151 299 3205 in
313 3167 400 3204 unum
414 3149 632 3218 redigebantur)

167 3233 224 3306 §a
245 3237 366 3290 Persons
384 3234 485 3289 absent
504 3233 544 3288 rei
563 3232 693 3304 publicae
713 3252 801 3290 causa
814 3252 886 3291 were
903 3244 1016 3306 exempt
1029 3234 1101 3289 from
1118 3233 1282 3302 newly·ten·

130 3317 218 3373 dered
229 3316 446 3387 guardianships
457 3316 559 3385 during
569 3316 643 3371 their
652 3317 775 3373 absence
785 3318 843 3373 and
854 3318 896 3373 lor
905 3335 923 3374 a
933 3336 1001 3388 year
1009 3319 1082 3374 alter
1090 3316 1162 3373 their
1172 3327 1281 3372 return:

130 3403 213 3457 when
231 3410 294 3456 sent
312 3401 420 3455 abroad
439 3418 476 3455 on
495 3401 565 3455 such
584 3410 658 3456 state
676 3401 807 3457 business
825 3403 893 3471 they
905 3420 978 3458 were
996 3402 1119 3457 excused
1135 3401 1208 3455 from
1226 3416 1282 3469 any

130 3489 219 3545 tutela
231 3487 322 3543 which
335 3488 403 3556 they
412 3504 485 3542 were
498 3486 627 3543 invested
638 3486 704 3542 with
718 3500 746 3543 at
759 3489 808 3544 the
820 3488 897 3557 time,
907 3488 957 3545 but
970 3506 1008 3543 on
1020 3487 1094 3543 their
1106 3498 1201 3543 return
1215 3487 1282 3557 they

130 3572 189 3629 had
207 3582 237 3628 to
255 3588 367 3628 resume
385 3570 406 3627 it
426 3571 541 3626 without
560 3587 617 3640 any
636 3571 718 3626 ‘anni
738 3571 866 3628 vacatio’
886 3571 953 3642 Dig.
973 3586 1016 3639 27.
1033 3587 1053 3626 1.
1071 3586 1111 3626 10.
1127 3586 1153 3641 2,
1172 3570 1241 3625 Cod.
1257 3582 1280 3640 5.

130 3655 175 3724 ⁶4.
191 3671 211 3710 1.

167 3736 223 3809 §a
244 3739 374 3792 Potestas
386 3753 485 3791 means
498 3754 555 3807 any
566 3735 746 3806 magistracy,
760 3736 888 3808 superior
899 3754 931 3792 or
943 3735 1066 3806 inferior,
1080 3734 1146 3805 Dig.
1160 3749 1203 3801 27.
1220 3749 1240 3789 1.
1254 3735 1280 3789 6.

134 3822 219 3890 14-16
231 3841 238 3887 ;
251 3821 289 3876 ib.
305 3834 345 3887 17.
358 3834 420 3890 4-5.
457 3822 480 3874 F
482 3837 570 3890 ragm.
580 3822 643 3875 Vat
661 3821 710 3888 146
725 3821 743 3890 (ί
752 3820 799 3892 qui
814 3821 924 3876 Romae
940 3821 1107 3891 magistratu
1119 3821 1280 3888 iunguntur,

130 3905 266 3979 quamdiu
276 3905 330 3958 hoc
340 3905 501 3974 funguntur,
511 3903 573 3958 dari
584 3914 690 3959 tutores
700 3920 758 3958 non
768 3914 887 3974 possunt
895 3904 912 3973 ²)
924 3904 947 3959 is
957 3915 1007 3959 not
1016 3911 1113 3960 meant
1122 3912 1152 3958 to
1162 3900 1279 3958 exclude

130 3989 284 4059 municipal
297 3986 484 4056 magistrates.

166 4071 181 4144 ξ
194 4077 224 4127 4.
243 4073 378 4142 ‘Propter
389 4071 476 4139 litem,
490 4088 575 4142 quam
588 4071 651 4142 quis
664 4089 729 4126 cum
742 4071 848 4142 pupillo
863 4064 959 4140 habet,
971 4086 1105 4127 excusare
1117 4087 1149 4126 se
1161 4085 1179 4124 a
1191 4069 1280 4127 tutela

129 4174 187 4213 non
204 4165 306 4227 potest,
320 4155 373 4211 nisi
387 4155 423 4210 de
442 4154 573 4211 omnibus
585 4156 668 4211 bonis
686 4166 733 4210 aut
751 4154 871 4225 plurima
883 4166 963 4225 parte
976 4170 1073 4209 eorum
1087 4153 1280 4209 controversia

130 4243 182 4298 sit’
201 4240 266 4311 Dig.
281 4253 322 4306 27.
341 4255 362 4294 1.
376 4255 418 4295 21.
432 4256 482 4310 pr,
502 4240 647 4294 ‘volumus
661 4278 667 4293 .
680 4281 687 4294 .
702 4238 767 4295 ..si
787 4238 849 4309 quis
867 4239 1023 4309 obligatum
1040 4238 1170 4294 habuerit
1189 4237 1279 4293 mino·

129 4343 191 4382 rem
207 4336 255 4381 aut
268 4324 328 4379 eius
345 4340 399 4393 res,
412 4324 487 4378 hunc
503 4340 560 4377 non
578 4323 695 4379 omnino
711 4321 749 4378 ad
764 4322 938 4379 curationem
956 4322 1025 4392 eius,
1039 4323 1083 4377 vel
1096 4321 1120 4377 si
1133 4340 1152 4379 a
1168 4321 1277 4394 legibus

128 4419 253 4478 vocetur,
265 4408 416 4464 accedere'
430 4409 457 4461 N
460 4424 505 4462 ov.
518 4421 561 4474 72.
577 4423 599 4463 1.

167 4491 181 4565 5
195 4496 224 4550 b.
242 4492 297 4548 Yet
316 4490 345 4562 it,
356 4508 429 4549 even
441 4492 534 4549 where
550 4508 568 4549 a
583 4509 649 4548 man
662 4491 778 4563 already
792 4492 850 4548 had
862 4492 942 4549 three
955 4489 1148 4563 independent
1163 4491 1277 4562 tutelae,
