2986 5048
125 366 176 415 Tit.
190 358 241 425 ra]
285 356 346 412 DE
365 354 604 411 PERPETUIS
624 353 686 410 ET
708 352 1150 426 TEMPORALIBUS,ETC.
1210 360 1275 432 573

127 534 239 590 catum
262 523 344 588 solvi
369 543 430 605 pro
456 522 522 586 litis
541 529 686 604 praestet
708 519 949 584 aestimatione.
985 540 1084 585 nemo
1113 520 1201 584 enim
1224 544 1276 587 se·

35 620 40 629 ’
127 629 273 693 cundum
287 635 432 691 veterem
455 625 611 709 regulam,
626 635 663 689 ut
684 624 750 688 iam
766 625 892 688 dictum
913 633 972 702 est,
989 624 1116 688 alienae
1140 625 1184 688 rei
1207 626 1277 690 sine

128 731 342 795 satisdatione
357 729 510 795 defensor
528 729 665 793 idoneus
687 728 897 810 intellegitur.
943 725 1038 810 Quae
1058 729 1169 792 omnia
1185 736 1307 811 aper-6

127 835 192 898 tius
207 844 241 899 et
256 833 491 916 perfectissime
505 853 526 896 a
541 832 721 897 cottidiano
737 832 929 896 iudiciorum
945 852 1004 895 usu
1022 831 1055 894 in
1071 831 1150 914 ipsis
1166 853 1275 897 rerum

128 938 335 1002 documentis
350 947 519 1019 apparent.
564 935 675 1019 Quam
690 935 830 1000 sormam
850 954 914 998 non
938 934 1045 997 solum
1062 935 1094 997 in
1110 935 1172 999 hac
1189 937 1277 1018 regia
1291 948 1308 1001 7

129 1041 218 1117 urbe,
235 1042 293 1105 sed
314 1050 348 1105 et
370 1042 403 1103 in
426 1040 579 1104 omnibus
601 1040 720 1103 nostris
740 1038 924 1122 provinciis,
941 1037 1003 1101 etsi
1026 1048 1162 1119 propter
1177 1039 1279 1121 impe·

129 1145 238 1208 ritiam
253 1144 349 1208 aliter
368 1143 453 1207 sorte
474 1143 735 1218 celebrabantur,
756 1143 905 1225 optinere
926 1160 1104 1216 censemus,
1124 1161 1201 1204 cum
1221 1161 1278 1205 ne-

130 1267 220 1311 cesse
235 1258 284 1312 est
300 1267 415 1311 omnes
431 1247 614 1329 provincias
625 1257 725 1329 caput
736 1247 885 1310 omnium
901 1253 1086 1308 nostrarum
1099 1245 1279 1324 civitatum,

129 1351 162 1414 id
178 1360 229 1415 est
243 1350 329 1415 hanc
345 1350 468 1432 regiam
484 1349 608 1428 urbem,
624 1350 759 1434 eiusque
774 1347 1017 1414 observantiam
1034 1348 1136 1430 sequi.

666 1564 747 1628 XII.

153 1741 203 1791 DE
228 1740 431 1794 PERPETUIS
454 1741 502 1791 ET
525 1739 813 1792 TEMPORALIBUS
836 1738 1062 1791 ACTIONIBUS
1085 1739 1133 1789 ET
1156 1738 1259 1803 QUAE

276 1846 328 1895 AI)
352 1843 525 1894 HEREDES
547 1844 619 1893 VEL
641 1844 682 1892 IN
706 1842 880 1894 HEREDES
904 1842 1137 1894 TRANSEUNT.

177 1997 254 2060 Hoc
270 1993 343 2059 loco
361 1994 563 2058 admonendi
585 2014 698 2073 sumus
720 2013 776 2057 eas
796 1993 931 2075 quidem
952 1993 1106 2069 actiones,
1128 2013 1214 2075 quae
1237 2012 1281 2055 ex

133 2101 207 2182 lege
229 2108 402 2163 senatusue
424 2096 574 2162 consulto
597 2098 665 2160 sive
688 2119 732 2160 ex
754 2098 853 2161 sacris
876 2096 1163 2162 constitutionibus
1184 2095 1282 2179 profi·

134 2205 307 2280 ciscuntur‚
322 2211 482 2285 perpetuo
503 2200 609 2265 solere
631 2201 811 2284 antiquitus
832 2211 1027 2284 competere,
1049 2202 1153 2265 donec
1169 2221 1282 2265 sacrae

134 2307 386 2372 constitutiones
402 2315 471 2369 tam
488 2307 520 2369 in
536 2325 719 2388 remquam
734 2305 959 2389 personalibus
975 2305 1159 2371 actionibus
1175 2314 1283 2369 certos

134 2411 216 2474 fines
241 2412 421 2474 dederunt:
443 2431 500 2474 eas
519 2430 605 2489 vero,
626 2430 711 2492 quae
735 2431 778 2473 ex
799 2411 930 2494 propria
950 2411 1111 2493 praetoris
1139 2410 1284 2474 iurisdic-

134 2516 225 2579 tione
248 2515 405 2597 pendent‚
424 2515 618 2597 plerumque
639 2515 723 2579 intra
743 2535 866 2578 annum
888 2514 997 2578 vivere
1018 2512 1110 2598 (nam
1131 2522 1164 2577 et
1183 2513 1284 2597 ipsius

134 2619 293 2703 praetoris
316 2619 401 2682 intra
423 2638 546 2682 annum
570 2628 640 2682 erat
670 2614 869 2703 imperium).
915 2617 1094 2700 aliquando
1115 2626 1228 2680 tamen
1251 2626 1284 2680 et

135 2725 168 2787 in
194 2733 388 2805 perpetuum
416 2724 649 2802 extenduntur,
676 2723 708 2786 id
736 2731 786 2785 est
812 2722 981 2803 usquead
1004 2720 1104 2783 finem
1128 2721 1285 2784 constitu·

135 2827 280 2891 tionibus
303 2826 547 2890 introductum:
571 2823 685 2907 quales
712 2833 788 2888 sunt
814 2823 887 2902 hae,
912 2843 995 2905 quas
1020 2823 1183 2886 bonorum
1210 2842 1285 2904 pos·

135 2931 252 2995 sessori
282 2929 464 3011 ceterisque
488 2929 543 3012 qui
567 2929 697 2992 heredis
723 2927 795 2992 loco
821 2935 899 2991 sunt
922 2927 1165 2990 accommodat.
1208 2926 1285 2989 furti

136 3054 269 3118 quoque
292 3032 456 3096 manifesti
478 3033 575 3111 actio,
597 3031 748 3115 quamvis
771 3052 814 3095 ex
836 3030 937 3114 ipsius
955 3030 1116 3115 praetoris
1139 3029 1285 3094 iurisdic-

137 3140 226 3202 tione
252 3136 484 3219 profrciscatur,
508 3147 621 3202 tamen
651 3145 814 3219 perpetuo
841 3135 954 3199 datur:
994 3134 1175 3198 absurdum
1197 3133 1286 3198 enim

138 3391 255 3447 desence
276 3393 310 3447 of
326 3395 446 3448 another
463 3392 527 3447 who
545 3391 666 3461 through
687 3392 819 3459 absence,
840 3389 973 3460 insanity,
992 3389 1132 3459 minority,
1153 3406 1185 3443 or
1206 3405 1287 3444 some

137 3476 219 3530 other
237 3493 322 3531 cause
340 3476 497 3546 neglected,
510 3493 543 3530 or
554 3492 611 3530 was
624 3475 736 3540 unable,
748 3485 778 3530 to
796 3491 902 3545 appear
917 3475 961 3528 for
975 3472 1096 3528 himself.
1134 3471 1203 3526 Litis
1222 3488 1288 3527 con-

138 3558 252 3613 testatio
264 3558 330 3614 vith
343 3560 393 3614 the
405 3560 550 3614 volunteer
561 3558 689 3613 released
702 3558 750 3612 the
762 3558 821 3612 real
834 3557 988 3612 defendant
1003 3556 1076 3610 from
1093 3556 1130 3610 all
1149 3554 1286 3624 liability:

138 3641 295 3697 ‘solutione
317 3643 361 3698 vel
386 3641 521 3696 iudicium
546 3658 597 3711 pro
621 3639 705 3696 nobis
729 3639 896 3709 accipiendo
921 3650 949 3695 et
973 3637 1053 3694 inviti
1075 3648 1103 3693 et
1125 3636 1288 3707 ignorantes

137 3724 249 3779 liberari
263 3727 427 3794 possumus'
440 3724 507 3794 Dig.
519 3725 563 3790 46.
577 3738 600 3792 a
615 3738 649 3792 23
662 3743 670 3790 5
688 3724 721 3778 cf.
737 3723 803 3792 Dig.
820 3736 860 3792 15.
873 3738 898 3792 3.
915 3739 957 3777 10.
974 3738 995 3777 1.

175 3805 235 3877 Μ.
261 3808 301 3863 Cf.
327 3807 490 3878 Justinian's
515 3816 658 3861 comment
682 3824 720 3861 on
745 3807 843 3861 Zeno's
870 3803 1054 3861 constitution
1084 3805 1121 3859 de
1151 3803 1288 3859 aedificiis

138 3890 255 3961 privatis
268 3891 297 3945 in
311 3891 382 3947 Cod.
395 3892 420 3946 8.
433 3907 474 3946 ιο.
490 3904 521 3958 13
535 3890 699 3959 ‘indignum
717 3907 781 3944 esse
797 3899 895 3944 nostro
914 3898 1042 3958 tempore
1059 3896 1192 3958 putantes
1211 3886 1288 3942 aliud

140 3978 183 4034 ius
205 3978 233 4032 in
254 3979 307 4033 hac
330 3979 409 4049 regia
430 3978 544 4033 civitate
568 3977 605 4033 de
629 3975 790 4032 huiusmodi
810 3974 963 4043 observari,
985 3974 1062 4030 aliud
1081 3974 1158 4044 apud
1176 3985 1289 4029 nostros

139 4078 202 4116 esse
215 4061 410 4131 provinciales,
424 4061 567 4116 sancimus
586 4059 709 4116 eandem
727 4058 960 4115 constitutionem
977 4056 1007 4113 in
1024 4057 1157 4113 omnibus
1172 4055 1289 4112 urbibus

141 4143 263 4198 Romani
277 4144 386 4214 imperii
399 4143 544 4199 obtinere.¹

175 4229 235 4280 vlt.
248 4230 322 4282 m
343 4225 500 4297 Originally
514 4226 552 4282 all
567 4225 678 4282 actions
695 4243 768 4282 were
787 4235 950 4297 perpetuae.
987 4222 1171 4280 substantive
1192 4222 1289 4278 ‘sanc-

139 4309 253 4365 tioned'
271 4310 360 4381 rights
379 4310 469 4380 might
490 4311 527 4365 be
548 4310 700 4380 destroyed
717 4310 756 4379 by
775 4310 854 4380 lapse
875 4309 909 4364 os
925 4308 1003 4378 time,
1025 4325 1085 4378 eg.
1109 4309 1170 4363 that
1192 4307 1225 4361 of
1240 4306 1289 4362 the

140 4393 273 4449 dominus
284 4394 323 4464 by
335 4394 479 4465 usucapio,
493 4394 551 4449 and
569 4395 630 4450 that
649 4394 682 4449 οἰ
695 4410 714 4449 a
731 4393 854 4449 creditor
871 4392 983 4462 against
1001 4409 1020 4446 a
1036 4408 1157 4462 sponsor
1173 4408 1205 4445 or
1222 4389 1290 4446 tide·

140 4477 296 4549 promissor
303 4478 393 4535 under
400 4479 448 4535 the
457 4489 594 4550 two-year
603 4477 754 4535 limitation
767 4477 799 4532 ot
808 4477 858 4533 the
870 4475 915 4532 lex
929 4474 1023 4546 Furia,
1030 4492 1057 4546 p.
1065 4488 1116 4543 411
1127 4490 1202 4546 supr.
1214 4491 1221 4530 ε
1238 4473 1290 4530 but
