2986 5048
163 372 222 421 nn.
236 365 287 431 aa]
610 362 672 417 ms
691 361 885 419 casnm.
1257 370 1322 440 293

172 538 331 604 inutiliter
351 537 522 620 legabatur
542 547 576 601 et
593 536 802 601 adimebatur
816 535 868 601 vel
884 535 1150 601 transferebatur.
1194 557 1322 619 poenae

171 653 284 707 autem
312 642 443 705 nomine
470 640 570 722 legari
596 640 735 717 videtur,
758 640 849 722 quod
872 640 1044 704 coercendi
1068 639 1199 704 heredis
1221 660 1320 704 causa

172 744 370 827 relinquitur,
386 764 451 826 quo
467 744 574 824 magis
594 743 622 806 is
640 742 763 824 aliquid
786 742 886 807 saciat
908 751 967 806 aut
990 761 1057 806 non
1076 742 1198 808 saciat:
1219 744 1321 823 velut,

170 849 198 911 si
220 849 294 931 quis
318 849 365 912 ita
390 847 577 929 scripserit:
601 845 714 908 ‘heres
740 865 833 909 meus
857 847 883 908 si
908 845 1010 910 filiam
1034 866 1129 909 suam
1151 847 1185 910 in
1209 848 1322 912 matri·

172 954 320 1016 monium
340 951 431 1014 Titio
454 945 681 1014 collocaverit'
706 946 772 1034 (vel
798 969 843 1012 ex
869 950 999 1015 diverso
1026 951 1072 1013 ‘si
1095 971 1162 1014 non
1181 951 1321 1017 colloca·

170 1053 286 1142 verit)‚‘
301 1056 403 1119 ‘dato
425 1056 542 1119 decem
564 1073 682 1118 aureos
703 1049 878 1132 Seio,’·aut
900 1055 927 1117 si
950 1055 997 1119 ita
1018 1054 1184 1138 scripserit
1206 1056 1323 1122 ‘heres

171 1179 266 1223 meus
287 1159 314 1222 si
333 1178 463 1222 servum
480 1155 634 1222 Stichum
654 1153 865 1221 alienaverit'
881 1154 947 1242 (vel
971 1179 1016 1221 ex
1035 1159 1163 1223 diverso
1185 1160 1231 1224 ‘si
1254 1180 1321 1223 non

170 1258 394 1346 alienaverit),'
416 1261 528 1326 ‘Titio
551 1261 669 1325 decem
690 1280 808 1324 aureos
830 1259 929 1325 dat0.‘
973 1271 1007 1326 et
1030 1262 1062 1324 in
1085 1271 1217 1326 tantum
1239 1260 1321 1328 haec

171 1366 283 1448 regula
299 1365 544 1440 observabatur,
560 1376 597 1430 ut
612 1384 773 1448 perquam
787 1363 937 1447 pluribus
951 1366 1185 1448 principalibus
1200 1368 1321 1432 consti·

170 1470 353 1534 tutionibus
373 1469 575 1556 significetur
592 1488 652 1532 nec
671 1470 852 1551 principem
872 1469 1007 1551 quidem
1028 1490 1213 1553 agnoscere,
1229 1473 1319 1554 quod

170 1573 200 1637 ei
215 1594 344 1656 poenae
359 1575 494 1638 nomine
512 1572 659 1655 legatum
675 1575 728 1636 sit.
773 1593 833 1636 nec
856 1593 901 1636 ex
925 1573 1039 1638 militis
1061 1574 1197 1656 quidem
1220 1585 1321 1639 testa·

171 1687 285 1741 mento
300 1676 379 1742 talia
395 1676 505 1758 legata
520 1675 687 1752 valebant,
702 1675 854 1758 quamvis
873 1674 958 1740 aliae
973 1675 1115 1741 militum
1130 1677 1319 1744 voluntates

169 1781 204 1843 in
226 1781 417 1844 ordinandis
434 1781 642 1844 testamentis
660 1778 757 1843 valde
775 1779 1001 1844 observantur.
1045 1780 1241 1863 quinetiam
1257 1800 1319 1845 nec

170 1882 358 1948 libertatem
385 1903 512 1964 poenae
534 1883 666 1946 nomine
689 1882 760 1945 dari
783 1902 881 1965 posse
904 1882 1068 1964 placebat.
1112 1903 1152 1946 eo
1178 1884 1320 1965 amplius

170 2007 231 2051 nec
253 1988 410 2052 heredem
431 2007 558 2068 poenae
573 1987 706 2050 nomine
721 1987 806 2050 adici
822 2006 919 2068 posse
934 1985 1078 2051 Sabinus
1094 1987 1318 2063 existimabat,

167 2090 271 2155 veluti
294 2092 321 2156 si
343 2091 416 2173 quis
439 2093 485 2154 ita
503 2091 613 2155 dicat:
638 2089 765 2154 ‘Titius
787 2089 882 2153 heres
908 2101 1003 2155 esto:
1034 2091 1061 2153 si
1084 2089 1193 2154 Titius
1216 2090 1318 2154 filiam

168 2214 264 2259 suam
288 2193 367 2258 Seio
385 2194 417 2258 in
441 2195 688 2258 matrimonium
711 2194 928 2273 collocaverit,
952 2193 1049 2258 Seius
1070 2216 1203 2279 quoque
1225 2193 1320 2260 heres

168 2309 242 2362 esto
252 2297 276 2359 :'
291 2297 371 2361 nihil
387 2297 473 2361 enim
490 2298 654 2375 intererat,
663 2319 730 2380 qua
742 2299 868 2362 ratione
879 2298 988 2361 Titius
999 2309 1196 2375 coerceatur,
1208 2308 1319 2362 utrum

168 2400 270 2483 legati
286 2401 420 2465 datione
438 2421 480 2464 an
499 2401 669 2464 coheredis
690 2401 884 2465 adiectione.
929 2412 964 2466 at
979 2401 1169 2466 huiusmodi
1184 2421 1320 2484 scrupu-

168 2505 283 2569 lositas
306 2506 401 2568 nobis
423 2526 489 2568 non
511 2505 636 2587 placuit
659 2515 692 2569 et
713 2488 912 2588 generaliter
927 2527 966 2570 ea
981 2527 1067 2589 quae
1083 2507 1318 2591 relinquuntur,

168 2608 246 2672 licet
268 2628 395 2690 poenae
418 2609 551 2672 nomine
572 2608 692 2672 fuerint
715 2608 829 2673 relicta
850 2609 902 2672 vel
925 2611 1083 2692 adempta
1105 2609 1158 2673 vel
1181 2612 1214 2673 in
1235 2609 1319 2674 alios

167 2710 338 2786 translata,
362 2710 443 2774 nihil
467 2712 590 2774 distare
615 2731 636 2775 a
660 2713 777 2776 ceteris
803 2711 922 2794 legatis
950 2713 1182 2776 constituimus
1208 2712 1260 2776 vel
1285 2713 1318 2775 in

167 2813 279 2877 dando
293 2812 346 2877 vel
362 2815 395 2877 in
410 2815 589 2879 adimendo
604 2814 657 2878 vel
673 2817 706 2877 in
722 2815 972 2879 transferendo:
996 2817 1145 2896 exceptis
1160 2814 1212 2878 his
1227 2816 1319 2880 vide·

166 2917 255 2993 licet,
280 2937 366 3001 quae
391 2917 605 3000 impossibilia
631 2928 709 2982 sunt
731 2919 783 2982 vel
807 2918 935 3001 legibus
959 2919 1133 2982 interdicta
1155 2928 1214 2982 aut
1236 2917 1318 2983 alias

166 3020 346 3104 probrosa:
379 3022 567 3087 huiusmodi
600 3023 688 3086 enim
718 3032 914 3088 testatorum
945 3023 1178 3105 dispositiones
1208 3022 1318 3087 valere

166 3136 258 3190 secta
279 3136 467 3207 temporum
491 3147 640 3190 meorum
664 3147 729 3190 non
752 3129 884 3210 patitur.

166 3381 252 3450 valid,
266 3382 317 3437 but
335 3398 390 3437 one
409 3383 489 3437 ‘cum
509 3382 591 3438 heres
611 3399 691 3437 meus
711 3393 840 3438 mortuus
861 3382 929 3438 erit'
950 3399 983 3437 or
1002 3382 1109 3453 ‘pridie
1130 3400 1216 3453 quam
1234 3383 1317 3439 heres

165 3483 248 3522 meus
265 3465 413 3520 morietur'
427 3482 482 3520 was
503 3465 589 3519 void:
609 3464 816 3531 adistinction,
835 3466 872 3520 he
894 3465 975 3533 adds,
997 3464 1093 3536 ‘quod
1113 3482 1170 3520 non
1192 3465 1317 3535 pretiosa

165 3549 276 3605 ratione
294 3559 440 3618 receptum
459 3547 586 3603 videtur!
622 3549 685 3602 The
697 3548 808 3618 ground
823 3549 855 3603 of
866 3549 915 3604 the
929 3550 989 3604 rule
1002 3566 1059 3603 was
1079 3550 1131 3604 ‘ne
1148 3549 1185 3604 ab
1203 3548 1319 3604 heredis

165 3632 272 3688 herede
288 3632 375 3702 legari
390 3631 528 3699 videatur,
541 3631 617 3701 quod
637 3630 704 3685 iuris
721 3631 813 3686 civilis
828 3632 901 3686 ratio
919 3649 976 3687 non
994 3631 1117 3702 patitur'
1130 3631 1245 3702 Ulpian,
1258 3648 1316 3702 reg.

166 3730 209 3783 24
226 3715 266 3783 16,
279 3715 314 3769 ci.
328 3715 407 3769 Paul.
420 3725 491 3770 sent.
504 3728 598 3782 rec-3.
611 3715 636 3768 6.
653 3727 667 3784 ς
690 3714 781 3768 which
795 3715 873 3770 itself
887 3732 945 3770 was
962 3716 1029 3785 only
1042 3732 1078 3772 an
1096 3713 1271 3786 application
1288 3715 1320 3768 ol

165 3799 215 3854 the
227 3799 320 3869 larger
328 3798 464 3869 principle
479 3797 640 3867 ‘inelegans
653 3798 754 3864 visum,
764 3800 799 3853 ex
812 3799 924 3854 heredis
937 3816 1060 3870 persona
1072 3799 1197 3869 incipere
1209 3797 1315 3867 obliga·

165 3882 288 3937 tionem’
301 3882 390 3938 Gaius
402 3881 440 3936 iii.
458 3897 508 3936 100
520 3900 526 3936 :
546 3899 594 3936 see
608 3899 644 3936 on
659 3881 710 3936 Bk
726 3881 763 3936 iii.
777 3896 814 3951 19
829 3897 860 3950 13
873 3882 922 3938 inf.
959 3885 985 3937 A
998 3882 1248 3937 fideicommissum
1258 3898 1317 3936 was

165 3964 242 4020 valid
255 3965 284 4019 in
297 3982 353 4035 any
365 3965 399 4019 oi
406 3966 455 4020 the
468 3966 548 4020 three
561 3967 649 4020 forms
662 3964 745 4034 given
759 3966 858 4035 above,
868 3965 956 4021 Gaius
967 3965 995 4020 ii.
1005 3979 1066 4034 277,
1081 3964 1195 4035 Ulpian‚
1205 3982 1262 4034 reg.
1272 3979 1314 4029 24.

169 4048 210 4102 16.
240 4048 404 4118 Justinian’s
416 4058 594 4104 enactments
607 4066 643 4103 on
657 4050 706 4104 the
719 4049 889 4119 subjectare
902 4049 931 4104 in
945 4049 1050 4117 Cod.4.
1063 4065 1102 4104 11.
1116 4065 1126 4103 1
1141 4069 1149 4116 ;
1167 4050 1191 4104 8.
1203 4050 1297 4117 38.11.

202 4128 280 4201 §8st
299 4133 385 4187 Some
394 4130 567 4187 conditional
577 4132 699 4202 legacies
707 4148 755 4186 are
765 4132 882 4186 difficolt
892 4144 921 4188 to
931 4132 1100 4202 distinguish
1110 4133 1182 4187 from
1192 4131 1315 4200 legacies

167 4231 280 4286 poenae
291 4215 416 4282 nomine,
424 4216 475 4270 viz.
487 4218 570 4272 those
580 4216 608 4271 in
619 4217 710 4271 which
720 4217 769 4271 the
779 4217 927 4272 fulfilment
937 4217 970 4270 oi
975 4218 1024 4272 the
1033 4215 1178 4271 condition
1186 4216 1315 4285 depends

164 4316 204 4354 on
216 4299 265 4355 the
276 4300 388 4369 legates
400 4299 520 4355 himself.
558 4301 661 4368 These,
674 4300 812 4368 however,
826 4317 898 4355 were
914 4310 964 4355 not
976 4299 1148 4369 necessarily
1159 4298 1270 4354 treated
1282 4315 1314 4354 as

164 4382 251 4452 penul
260 4382 351 4438 under
359 4383 408 4438 the
417 4384 465 4437 old
475 4383 543 4439 law:
556 4384 605 4439 the
612 4395 668 4439 test
676 4401 733 4438 was
742 4384 790 4439 the
798 4383 936 4438 intention
945 4384 978 4438 os
981 4384 1029 4438 the
1037 4393 1156 4439 testator
1164 4384 1183 4452 (‘
1191 4398 1314 4453 poenam

164 4482 184 4523 a
195 4467 363 4525 condicione
375 4470 506 4526 voluntas
517 4469 661 4567 testatoris
680 4480 800 4541 separat,
813 4480 841 4527 et
860 4487 897 4527 an
915 4486 1016 4541 poena,
1029 4486 1066 4526 an
1081 4468 1212 4525 condicio
1226 4468 1263 4526 sit
1280 4486 1314 4524 ex
