2986 5048
106 353 222 422 titan]
333 350 395 406 DE
415 343 643 406 ΕΜΡΤΙῦΝΕ
662 349 725 404 ΕΤ
747 348 1021 407 VENDITIONE.
1188 359 1253 424 417

105 518 284 587 debere.se
306 515 479 599 scripserit,
496 515 586 598 quod
607 523 813 580 numeratum
836 514 866 579 ei
888 536 953 580 non
974 525 1033 592 est,
1055 514 1098 581 de
1118 517 1258 600 pecunia

106 621 244 684 minime
273 627 445 684 numerata
473 628 551 702 post
581 618 722 683 multum
752 618 912 701 temporis
938 620 1169 702 exceptionem
1195 640 1256 703 op·

106 745 230 807 ponere
260 744 326 788 non
355 731 485 807 potest:
520 722 584 788 hoc
614 723 701 787 enirn
732 722 924 804 saepissime
950 723 1167 788 constitutum
1194 733 1255 788 est.

107 828 154 891 sic
170 828 219 905 fit,
234 836 272 892 ut
287 838 321 893 et
338 826 448 903 hodie,
465 827 545 891 dum
561 827 652 909 queri
674 846 740 890 non
760 834 881 909 potest,
896 827 1057 910 scriptura
1072 816 1257 911 obligetur:

108 941 142 996 et
165 953 209 996 ex
232 952 272 996 ea
295 932 440 997 nascitur
460 932 633 1006 condictio,
658 939 807 995 cessante
830 926 957 995 scilicet
977 931 1153 995 verborum
1175 931 1258 996 obli·

107 1036 251 1118 gatione.
309 1034 450 1099 multum
477 1043 589 1099 autem
619 1044 751 1117 tempus
778 1030 811 1096 in
837 1032 900 1097 hac
930 1035 1129 1116 exceptione
1158 1043 1259 1100 antea

107 1140 245 1223 quidem
278 1159 323 1202 ex
357 1138 592 1223 principalibus
628 1137 917 1203 constitutionibus
953 1156 1057 1221 usque
1091 1139 1133 1203 ad
1163 1139 1259 1221 quin·

107 1242 288 1326 quennium
310 1243 530 1324 procedebat:
553 1241 613 1306 sed
636 1260 678 1306 ne
700 1240 878 1306 creditores
898 1240 1021 1305 diutius
1043 1241 1171 1324 possint
1191 1243 1259 1306 suis

108 1345 254 1429 pecuniis
265 1344 400 1408 forsitan
410 1344 604 1424 defraudari,
614 1365 673 1429 per
684 1344 954 1409 constitutionem
964 1353 1111 1408 nostram
1127 1354 1259 1428 tempus

109 1458 293 1514 coartatum
324 1458 383 1525 est,
414 1460 451 1515 ut
481 1448 567 1515 ultra
596 1449 720 1514 biennii
751 1457 858 1513 metas
887 1447 1076 1514 huiusmodi
1103 1450 1259 1532 exceptio

109 1553 245 1619 minime
260 1554 471 1620 extendatur.

629 1639 748 1704 XXII.

412 1791 462 1843 DE
485 1789 676 1845 CONSENSU
699 1786 961 1844 OBLIGATIONE.

155 1916 327 1982 Consensu
349 1917 434 1982 fiunt
453 1916 670 2000 obligationes
696 1916 730 1980 in
755 1917 979 1999 emptionibus
1004 1915 1259 1991 venditionibus,

110 2022 330 2087 locationibus
367 2020 651 2097 conductionibus,
687 2020 910 2097 societatibus,
944 2022 1118 2087 mandatis.
1178 2022 1289 2086 Ideol

109 2136 223 2191 autem
250 2125 321 2190 istis
349 2125 457 2189 modis
483 2145 643 2190 consensu
669 2124 790 2188 dicitur
813 2118 973 2208 obligatio
1000 2124 1157 2201 contrahi,
1181 2126 1263 2209 quia

113 2249 220 2311 neque
241 2229 406 2312 ,scriptura
427 2249 534 2311 neque
553 2227 740 2310 praesentia
759 2229 952 2292 omnimodo
971 2250 1055 2312 opus
1076 2240 1134 2307 est,
1160 2249 1200 2295 ac
1219 2249 1262 2293 ne

113 2332 184 2396 dari
208 2331 389 2415 quidquam
412 2351 546 2395 necesse
569 2341 628 2406 est,
652 2341 690 2394 ut
711 2332 931 2396 substantiam
957 2334 1067 2415 capiat
1093 2333 1262 2415 obligatio,

113 2435 173 2499 sed
215 2435 334 2499 sufficit
370 2455 427 2499 eos
461 2435 517 2518 qui
553 2435 723 2517 negotium
761 2416 880 2518 gerunt
909 2435 1100 2501 consentire.
1161 2436 1293 2501 Unde2

112 2538 373 2605 interabsentes
395 2559 529 2622 quoque
551 2539 631 2604 talia
655 2539 789 2622 negotia
812 2539 1055 2615 contrahuntur,
1079 2540 1182 2606 veluti
1204 2561 1265 2624 per

113 2641 289 2724 epistulam
309 2650 368 2706 aut
390 2662 450 2724 per
472 2643 633 2707 nuntium.
687 2643 775 2706 Item
798 2642 832 2705 in
858 2642 909 2706 his
935 2642 1157 2707 contractibus
1179 2643 1294 2712 altera

112 2743 208 2809 alteri
230 2743 395 2828 obligatur
417 2745 450 2808 in
473 2746 514 2820 id,
539 2746 629 2828 quod
652 2744 793 2809 alterum
814 2743 909 2807 alteri
926 2765 970 2808 ex
991 2745 1080 2809 bono
1103 2755 1136 2810 et
1156 2766 1264 2828 aequo

112 2858 281 2930 praestare
310 2857 451 2931 oportet,
481 2870 556 2914 cum
582 2848 730 2932 alioquin
754 2851 786 2913 in
810 2848 984 2914 verborum
1008 2848 1265 2933 obligationibus

112 2949 198 3016 alius
212 2951 394 3036 stipuletur,
408 2952 492 3017 alius
507 2952 690 3036 promittat.

621 3116 757 3182 ΧΧΙΙΙ.

387 3259 438 3311 ou
460 3258 653 3311 anemone
675 3258 724 3309 ur
745 3260 990 3313 vnuomouu.

159 3384 298 3469 Emptio
330 3395 364 3450 et
406 3385 553 3449 venditio
589 3383 801 3464 contrahitur,
844 3385 1044 3471 simulatque
1079 3389 1123 3453 de
1158 3387 1266 3473 pretio

151 3556 293 3628 Justinian
306 3557 425 3612 enacted
440 3556 479 3625 (1)
492 3557 553 3611 that
569 3557 605 3610 all
619 3555 802 3611 intercession
816 3558 854 3626 by
865 3574 883 3612 a
896 3574 1006 3613 woman
1020 3558 1122 3613 should
1133 3559 1170 3614 be
1183 3558 1267 3615 abso-

113 3642 202 3710 lutely
220 3640 287 3695 void
305 3642 401 3696 unless
419 3640 571 3711 expressed
593 3639 621 3694 in
641 3657 659 3695 a
678 3639 831 3695 document
850 3642 973 3697 attested
991 3642 1030 3712 by
1048 3652 1078 3698 at
1096 3643 1168 3697 least
1186 3643 1267 3700 three

113 3723 271 3789 witnesses,
291 3723 360 3778 Cod
377 3738 403 3790 4.
417 3738 460 3791 29.
473 3737 517 3791 23.
531 3738 566 3791 23
584 3723 633 3777 the
651 3721 815 3791 exceptions
834 3722 925 3778 which
944 3723 1003 3779 had
1020 3724 1181 3795 previously
1199 3723 1267 3782 held

114 3824 188 3863 were
201 3806 258 3861 still
270 3805 445 3876 recognised,
459 3805 483 3860 ii
498 3805 553 3860 this
566 3806 639 3859 form
652 3823 710 3859 was
723 3806 871 3875 observed,
884 3807 992 3877 though
1005 3806 1041 3862 its
1054 3806 1196 3878 necessity
1208 3825 1267 3864 was

114 3889 270 3961 dispenscd
282 3888 349 3944 with
358 3890 451 3944 where
461 3890 509 3944 the
519 3888 684 3943 intercessio
695 3905 752 3942 was
762 3889 846 3945 made
856 3889 900 3944 lor
909 3891 1038 3945 valuable
1048 3890 1266 3961 consideration,

115 3990 149 4029 or
160 3973 190 4029 in
202 3973 251 4028 the
263 3982 367 4027 matter
378 3972 411 4026 of
425 3989 443 4027 a
455 3972 517 4040 dos,
532 3971 601 4026 Cod
615 3972 668 4026 loc.
682 3970 728 4027 cit.
742 3987 786 4038 24.
799 3988 814 4026 2
819 3986 842 4042 5.
880 3972 919 4042 (2)
939 3975 1015 4028 Thm
1031 3974 1069 4028 all
1082 3972 1268 4031 intercession

114 4058 154 4127 by
164 4074 181 4111 a
191 4054 253 4110 wife
266 4071 303 4109 on
315 4055 416 4110 behals
423 4055 456 4110 os
463 4056 515 4109 ber
527 4055 668 4122 husband,
679 4053 744 4110 with
754 4073 773 4110 a
782 4056 835 4112 lew
845 4056 1016 4127 exceptions,
1028 4057 1130 4112 should
1141 4056 1179 4112 be
1190 4055 1267 4129 void,

114 4158 188 4198 even
211 4139 317 4208 though
336 4139 385 4195 the
406 4138 479 4193 form
502 4137 666 4210 prescribed
684 4137 714 4193 in
734 4139 816 4196 other
837 4157 917 4197 cases
940 4157 1013 4197 were
1030 4139 1172 4214 complied
1191 4139 1268 4211 with,

115 4223 306 4290 Nov.134.8.

150 4309 212 4363 ‘nt
230 4307 321 4361 m.
352 4306 440 4376 Upon
469 4305 518 4361 the
545 4306 654 4376 subject
685 4306 719 4361 os
744 4305 835 4362 literal
866 4315 993 4364 contract
1024 4304 1053 4361 in
1078 4305 1192 4379 general
1218 4321 1269 4365 see

115 4392 262 4451 Excursus
280 4389 414 4457 v111,at
433 4389 482 4444 the
500 4389 556 4445 end
576 4390 608 4443 of
622 4389 679 4444 this
699 4390 789 4448 Book.

151 4476 213 4531 Ἧι
225 4474 352 4530 xxm.
377 4472 479 4531 Before
490 4471 632 4545 Justinian
650 4489 714 4529 arra
732 4490 765 4529 or
782 4484 894 4532 earnest
912 4490 1016 4549 money
1027 4472 1086 4530 had
1098 4472 1170 4532 been
1183 4470 1268 4547 given

661 4569 726 4627 Ee
