2986 5048
479 873 646 948 LIBER
689 872 949 952 TERTIUS.

697 1118 725 1183 1.

165 1293 216 1345 DE
239 1293 541 1347 HEREDITATIBUS
563 1293 667 1358 QUAE
690 1292 737 1343 ΑΒ
760 1294 969 1346 INTESTATO
992 1296 1259 1354 DEFERUNTUR.

178 1444 412 1512 ΙΝΤΕεΤ-Ατυε
428 1444 568 1522 decedit,
579 1442 637 1528 qui
652 1451 710 1508 aut
721 1442 856 1509 omnino
872 1453 1109 1512 testamentum
1125 1470 1193 1513 non
1205 1449 1283 1515 iecit

130 1558 190 1613 aut
205 1570 272 1613 non
287 1550 356 1615 iure
371 1550 448 1615 iecit
463 1558 521 1614 aut
536 1549 569 1613 id
581 1548 673 1633 quod
688 1547 811 1614 fecerat
826 1560 958 1633 ruptum
975 1552 1142 1618 irritumve
1156 1555 1282 1620 factum

132 1661 184 1716 est
199 1662 257 1717 aut
272 1673 370 1718 nemo
386 1675 430 1718 ex
445 1674 485 1718 eo
500 1651 596 1717 heres
611 1651 735 1717 extitit.

178 1753 415 1820 Intestatorum
444 1766 556 1821 autem
587 1754 789 1820 hereditates
815 1757 957 1840 exlege
983 1759 1159 1824 duodecim
1185 1760 1309 1825 tabu-1

131 1856 237 1923 larum
253 1860 395 1942 primum
410 1858 453 1924 ad
469 1880 546 1924 suos
560 1857 698 1923 heredes
713 1859 887 1942 pertinent.
933 1860 992 1926 Sui
1012 1872 1124 1927 autem
1143 1861 1312 1927 heredes2

131 1961 427 2041 existimantur,‚ut
450 1974 483 2029 et
504 1984 604 2047 supra
626 1963 782 2040 diximus,
799 1965 855 2047 qui
877 1965 910 2028 in
925 1976 1092 2049 potestate
1111 1969 1281 2032 morientis

130 2063 282 2133 fuerunt:
304 2067 406 2134 veluti
432 2069 519 2133 filius
545 2069 622 2143 filia,
646 2088 750 2152 nepos
776 2070 926 2151 neptisve
948 2090 992 2134 ex
1016 2070 1094 2151 filio,
1117 2093 1281 2156 pronepos

129 2171 341 2254 proneptisve
364 2193 408 2236 ex
430 2182 551 2256 nepote
571 2171 639 2236 filio
657 2181 745 2250 nato,
760 2183 942 2255 prognatus
962 2184 1175 2257 prognatave.
1221 2194 1282 2240 nec

131 2273 276 2353 interest,
302 2285 413 2340 utrum
442 2277 609 2341 naturales
639 2285 717 2340 sunt
746 2275 840 2340 liberi
867 2297 909 2341 an
938 2278 1096 2362 adoptivi.
1149 2278 1281 2363 Quibus

131 2380 358 2443 connumerari
378 2399 511 2445 necesse
534 2389 586 2445 est
608 2380 709 2444 etiarn
733 2400 799 2456 eos,
821 2381 878 2462 qui
901 2401 945 2445 ex
968 2381 1123 2464 legitimis
1144 2382 1281 2466 quidem

131 2481 348 2546 matrimoniis
374 2504 441 2547 non
465 2493 542 2549 sunt
568 2483 740 2567 progeniti,
762 2484 858 2547 curiis
880 2491 993 2548 tamen
1015 2485 1185 2549 civitatum
1210 2486 1281 2550 dati

129 2585 313 2650 secundum
340 2587 497 2652 divalium
523 2589 805 2667 constitutionum,
831 2608 917 2670 quae
949 2608 1048 2670 super
1073 2586 1125 2652 his
1153 2589 1281 2672 positae

130 2697 216 2767 sunt,
237 2697 386 2754 tenorem
409 2711 543 2757 suorum
566 2692 636 2755 iura
662 2692 909 2756 nanciscuntur:
937 2710 997 2754 nec
1020 2712 1085 2754 non
1108 2712 1173 2769 eos,
1196 2711 1281 2774 quos

129 2800 263 2857 nostrae
288 2792 466 2877 amplexae
491 2805 569 2860 sunt
594 2795 857 2870 constitutiones,
877 2813 937 2876 per
961 2813 1045 2877 quas
1069 2794 1230 2871 iussimus,
1253 2792 1280 2857 si

129 2895 204 2978 quis
230 2898 401 2963 mulierem
425 2899 458 2962 in
482 2919 543 2964 suo
567 2899 782 2964 contubernio
805 2898 1008 2981 copulaverit
1030 2918 1095 2961 non
1118 2898 1162 2961 ab
1186 2897 1280 2962 initio

129 2998 306 3065 allectione
342 3001 493 3080 maritali,
520 3023 594 3067 eam
631 3011 753 3080 tamen,
781 3022 856 3067 cum
894 3022 960 3083 qua
993 3010 1124 3084 poterat
1157 3000 1280 3064 habere

128 3103 329 3188 coniugium,
348 3114 382 3169 et
404 3126 449 3169 ex
471 3127 510 3170 ea
531 3107 653 3171 liberos
675 3106 851 3185 sustulerit,
870 3114 989 3188 postea
1004 3125 1083 3169 vero
1105 3105 1280 3169 affectione

163 3334 222 3388 vlt.
236 3335 262 3389 Ι,
291 3334 349 3388 For
369 3335 418 3390 the
439 3333 548 3405 precise
570 3333 705 3404 meaning
726 3334 759 3390 oi
779 3343 982 3390 testamentum
1004 3349 1061 3388 non
1082 3330 1142 3390 iure
1163 3332 1279 3401 iactum,

127 3425 250 3485 ruptum,
264 3414 381 3485 irritum,
394 3417 451 3472 and
464 3417 630 3474 destitutum
643 3434 690 3472 see
703 3434 740 3472 on
754 3417 807 3471 Bk.
820 3416 847 3471 ii.
864 3429 904 3483 17.
917 3433 957 3487 pr.
972 3432 1047 3486 supr.

166 3496 181 3569 ξ
191 3501 216 3552 L
235 3500 297 3554 'lhe
305 3501 419 3556 Twelve
426 3501 641 3570 Tables,whose
648 3500 740 3554 words
749 3516 800 3555 ran
810 3498 850 3553 ‘si
860 3498 1011 3554 intestatus
1020 3496 1145 3567 moritur,
1156 3498 1199 3553 cui
1211 3514 1278 3556 suus

128 3581 211 3637 heres
224 3598 278 3638 nec
287 3583 366 3652 escit,
374 3592 495 3654 agnatus
507 3583 651 3654 proximus
659 3583 796 3638 familiam
809 3583 931 3651 habeto,'
940 3581 1094 3638 conceived
1106 3583 1154 3637 the
1168 3597 1279 3636 succes-

128 3663 191 3720 sion
210 3665 243 3721 oi
257 3683 275 3723 a
293 3683 360 3722 suus
378 3668 461 3722 heres
479 3667 535 3723 less
554 3684 586 3722 as
604 3684 623 3722 a
640 3666 803 3723 succession
822 3667 892 3720 than
912 3682 944 3720 as
962 3681 981 3720 a
1000 3663 1194 3719 continuation
1211 3664 1244 3719 of
1261 3680 1280 3721 a

127 3764 261 3805 common
273 3748 495 3821 proprietorship
507 3751 603 3806 whose
618 3749 742 3806 exercise
755 3748 814 3806 had
826 3748 883 3804 lain
900 3749 1032 3804 dormant
1044 3746 1146 3819 during
1158 3748 1207 3807 the
1220 3746 1279 3803 life·

127 3829 197 3887 time
215 3831 249 3887 oi
262 3833 310 3888 the
326 3833 467 3888 deceased
485 3833 707 3904 paterfamilias:
727 3833 761 3889 cf.
776 3831 865 3888 Gaius
883 3831 913 3888 ii.
929 3843 987 3901 157,
1001 3831 1054 3888 Bk.
1065 3829 1093 3888 ii.
1110 3844 1148 3901 19.
1164 3844 1179 3884 2
1193 3847 1279 3902 supr,

128 3914 187 3970 and
200 3916 215 3982 §
226 3929 242 3983 3
253 3914 310 3985 ini,
323 3915 415 3987 ‘quasi
434 3916 614 3973 continuatur
632 3915 807 3983 dominium,'
821 3915 888 3984 Dig.
898 3915 941 3970 28.
952 3926 976 3968 2.
991 3927 1019 3971 11
1035 3912 1080 3971 ‘in
1091 3912 1149 3967 suis
1168 3912 1279 3969 heredi-

126 3997 182 4053 bus
203 3997 361 4055 evidentius
382 4010 509 4070 apparet,
527 3999 769 4058 continuationem
788 3996 907 4056 dominii
928 4013 1044 4055 eorem
1065 3995 1228 4067 perducere,
1247 4005 1279 4057 ut

126 4079 206 4136 nulla
223 4079 352 4141 videatur
369 4082 513 4140 hereditas
531 4082 626 4152 fuisse,
646 4081 726 4155 quasi
745 4081 814 4139 olim
832 4081 861 4138 hi
880 4079 988 4138 domini
1007 4088 1111 4148 essent,
1124 4077 1172 4150 qui
1191 4077 1278 4139 etiam

126 4162 193 4218 vivo
210 4173 291 4235 patre
309 4165 521 4237 quodammodo
539 4166 660 4221 heredes
678 4164 891 4220 existimantur:
907 4203 933 4219 ..
948 4204 955 4220 .
972 4162 1067 4232 itaque
1079 4173 1144 4232 post
1157 4171 1278 4221 mortem

126 4245 218 4317 patris
236 4263 294 4302 non
309 4247 498 4306 hereditatem
513 4249 658 4321 percipere
669 4249 809 4319 videntur,
822 4250 874 4307 sed
890 4247 982 4319 magis
1000 4246 1119 4305 liberam
1137 4245 1279 4305 bonorum

127 4328 405 4393 administrationem
423 4334 650 4405 consequuntur.¹

164 4410 218 4495 58.
231 4413 289 4473 For
296 4414 346 4473 the
358 4415 459 4476 modes
471 4416 503 4474 ot
512 4415 700 4491 legitimatiog
712 4414 887 4493 illegitimate
899 4415 1027 4475 children
1038 4430 1088 4474 see
1100 4428 1139 4473 on
1151 4412 1203 4472 Bk
1212 4412 1282 4477 iae.

692 4513 715 4571 Ζ
