2986 5048
166 374 216 423 Tit.
231 367 282 435 18.]
500 365 561 423 DE
581 366 774 423 PUBLICIS
795 366 982 424 IUDICIIS.
1250 359 1314 441 605

167 531 350 594 necessaria
366 530 409 595 sit
429 531 639 597 adiudicatio.
677 552 762 614 quae
780 552 861 597 sane
876 553 942 596 uno
963 552 1039 596 casu
1057 533 1239 598 necessaria
1254 544 1313 608 est,

164 635 194 698 si
220 635 477 699 evidentioribus
492 635 612 699 finibus
627 637 785 717 distingui
806 656 904 718 agros
925 638 1132 701 commodius
1147 638 1198 716 sit,
1213 657 1315 720 quam

165 736 246 802 oIIm
262 737 398 803 luissent
414 739 579 803 distincti:
603 760 679 802 nam
700 750 777 803 tunc
798 760 932 804 neccsse
953 750 1065 804 estex
1086 741 1220 806 alterius
1235 762 1315 825 agro

167 852 296 924 partem
322 843 468 926 aliquam
490 843 625 907 alterius
648 843 718 927 agri
745 844 880 908 domino
904 845 1092 909 adiudicari.
1145 867 1211 928 quo
1238 866 1315 911 casu

166 948 365 1011 conveniens
383 957 441 1021 est,
465 956 501 1011 ut
523 948 550 1011 is
569 948 663 1011 alteri
688 959 778 1012 certa
798 949 938 1031 pecunia
956 948 1077 1012 debeat
1093 951 1316 1013 condemnari.

166 1071 207 1115 eo
227 1071 360 1133 quoque
381 1052 515 1116 nomine
534 1052 744 1116 damnandus
768 1061 819 1115 est
840 1053 978 1134 quisque
998 1051 1060 1116 hoc
1081 1053 1211 1130 iudicio,
1226 1054 1344 1136 quod·

166 1154 250 1219 sorte
265 1158 351 1220 circa
372 1156 454 1220 fines
478 1156 641 1221 malitiose
663 1157 789 1239 aliquid
812 1157 985 1234 commisit,
1005 1158 1095 1220 verbi
1115 1158 1221 1238 gratia
1239 1159 1318 1240 quia

167 1259 295 1342 lapides
318 1259 433 1324 finales
455 1259 580 1324 lutatus
607 1269 657 1325 est
681 1272 739 1326 aut
765 1261 898 1325 arbores
924 1260 1039 1325 finales
1065 1262 1194 1326 cecidit.
1238 1281 1316 1325 con·

167 1364 332 1428 tumaciae
358 1385 491 1447 quoque
521 1365 656 1429 nomine
684 1366 823 1448 quisque
852 1387 893 1430 eo
920 1366 1039 1429 iudicio
1068 1367 1317 1442 condemnatur,

166 1465 268 1531 veluti
291 1468 318 1530 si
341 1469 414 1550 quis
437 1468 572 1531 iubente
595 1469 703 1532 iudice
731 1469 839 1532 metiri
863 1488 960 1551 agros
983 1488 1099 1551 passus
1122 1489 1188 1532 non
1210 1467 1315 1531 luerit.

167 1569 268 1653 Quod
294 1580 406 1636 autern
433 1571 503 1635 istis
528 1572 656 1635 iudiciis
682 1572 779 1637 alicui
810 1572 1035 1637 adiudicatum
1061 1573 1112 1647 sit,
1139 1572 1172 1635 id
1203 1572 1347 1637 statirnr

167 1675 237 1738 eius
252 1673 290 1739 fit
305 1676 356 1740 cui
367 1676 593 1740 adiudicatum
608 1684 668 1741 cst.

676 1870 808 1935 XVIII.

528 2046 578 2098 ua
602 2047 767 2100 numrcrs
792 2048 956 2102 ruorcns.

212 2197 347 2262 Publica
370 2197 488 2263 iudicia
508 2219 614 2281 neque
637 2218 696 2281 per
719 2198 865 2264 actiones
886 2200 1079 2265 ordinantur
1099 2221 1158 2266 nec
1181 2201 1317 2267 omnino

167 2303 350 2385 quidquam
379 2303 486 2367 simile
515 2302 640 2367 habent
674 2306 790 2369 ceteris
827 2304 963 2384 iudiciis,
995 2307 1038 2370 de
1067 2307 1187 2388 quibus
1217 2307 1317 2372 locuti

167 2427 290 2486 sumus,
318 2428 504 2490 magnaque
527 2407 699 2472 diversitas
726 2418 777 2472 est
799 2430 912 2472 eorum
938 2419 972 2474 et
998 2410 1030 2472 in
1053 2410 1261 2475 instituendis
1284 2420 1317 2475 et

168 2512 200 2573 in
227 2513 429 2576 exercendis.
487 2511 621 2576 Publica
651 2521 764 2575 autem
793 2513 883 2577 dicta
912 2522 996 2591 sunt,
1024 2514 1114 2596 quod
1144 2516 1246 2579 cuivis
1273 2526 1345 2579 cxl

167 2746 302 2803 iudicium
321 2749 415 2803 locum
431 2750 516 2805 habet
536 2750 565 2804 in
584 2750 707 2805 confinio
727 2751 906 2820 praediorum
920 2751 1103 2807 rusticorum'
1117 2753 1183 2823 Dig.
1200 2769 1238 2808 ιο.
1257 2769 1278 2808 1.
1291 2769 1316 2820 4.

170 2848 209 2886 ιο.
254 2834 316 2887 The
338 2832 423 2887 willul
447 2835 572 2888 removal
594 2834 625 2888 ol
646 2834 817 2889 boundaries
837 2852 894 2889 was
914 2835 1055 2905 punished
1079 2847 1158 2890 extra
1179 2837 1317 2905 ordinem,

169 2916 245 2970 Paul.
260 2926 332 2970 sent.
344 2933 400 2971 rec.
416 2932 437 2971 1.
452 2917 500 2982 163
518 2917 609 2988 ‘quod
623 2917 646 2971 si
661 2935 712 2987 per
723 2917 912 2986 ignorantiam
925 2929 972 2973 aut
986 2918 1099 2973 fortuito
1112 2919 1221 2989 lapides
1234 2920 1316 2975 iurati

167 3009 241 3068 sunt,
254 2997 356 3055 sufficit
376 3016 425 3055 eos
445 3001 564 3070 (servos)
584 3001 747 3056 verberibus
767 3001 913 3057 decidere’
933 3002 1085 3070 (Hadriani
1104 3003 1270 3073 rescriptum
1288 3005 1317 3059 in

170 3081 236 3151 Dig.
249 3096 293 3149 47.
307 3098 350 3137 21.
363 3084 400 3152 2).

204 3163 218 3235 ξ
232 3169 258 3222 ’1.
280 3167 381 3221 Hence
394 3165 567 3223 adiudicatio
581 3167 605 3222 is
618 3184 635 3222 a
648 3166 712 3222 civil
725 3167 810 3223 mode
823 3168 856 3222 ol
863 3167 1041 3240 acquisition,
1054 3187 1080 3239 p.
1095 3181 1146 3239 215
1161 3187 1236 3240 supr.
1251 3170 1317 3225 ‘ad-

168 3248 339 3304 iudicatione
358 3249 515 3304 dominium
536 3250 726 3305 nanciscimur
744 3269 795 3322 per
813 3252 962 3307 formulam
982 3253 1105 3309 familiae
1123 3254 1316 3321 erciscundae,

168 3332 310 3386 communi
324 3331 488 3402 dividundo,
502 3332 599 3389 finium
611 3333 816 3403 regundorum’
830 3335 946 3404 Ulpian,
959 3353 1015 3405 reg.
1034 3352 1073 3406 ¹9·
1091 3337 1131 3391 16.

202 3419 401 3471 'Pitxvssl
426 3418 484 3472 For
507 3418 555 3472 the
579 3419 693 3487 general
718 3418 827 3487 history
847 3419 879 3472 ol
901 3420 1013 3473 Roman
1038 3419 1166 3474 criminal
1191 3420 1244 3475 law
1269 3438 1317 3475 see

170 3497 290 3553 Maine’s
303 3499 425 3555 Ancient
440 3501 514 3569 Law,
528 3500 608 3571 chap.
623 3519 648 3556 rc
688 3501 796 3556 Iudicia
808 3500 923 3571 publica
940 3502 968 3556 in
986 3503 1034 3558 the
1051 3503 1122 3557 later
1134 3503 1232 3572 period
1245 3522 1317 3558 were

167 3583 353 3637 commenced
370 3584 409 3652 by
421 3600 458 3638 an
477 3583 645 3639 indictment
662 3602 694 3638 or
713 3583 893 3639 information
908 3587 1021 3654 (‘causa
1038 3585 1162 3640 criminis
1178 3587 1317 3656 ordinata,

168 3664 198 3719 id
216 3677 267 3734 est,
285 3666 515 3737 inscriptionibus
532 3667 683 3738 depositis'
698 3667 768 3725 Cod.
781 3683 806 3737 9.
819 3682 861 3738 45.
880 3669 913 3738 ι),
926 3669 974 3724 the
987 3670 1057 3723 form
1072 3669 1105 3724 oi
1114 3669 1205 3725 which
1219 3670 1242 3725 is
1255 3688 1317 3742 pre-

168 3749 269 3803 served
288 3749 317 3803 in
335 3749 400 3819 Dig.
414 3751 456 3817 48.
471 3765 496 3805 2.
510 3764 534 3818 3.
547 3768 588 3821 pr.
603 3750 694 3821 ‘apud
714 3751 792 3805 illum
811 3762 969 3820 praetorem
995 3753 1039 3807 vel
1061 3755 1259 3823 proconsulem
1286 3756 1315 3808 I.

168 3831 260 3887 Titius
277 3833 420 3903 professus
440 3844 484 3889 est
504 3850 536 3888 se
556 3835 699 3888 Maeviam
718 3836 779 3903 lege
800 3834 871 3889 lulla
884 3835 920 3890 de
939 3835 1083 3891 adulteriis
1103 3853 1181 3891 ream
1200 3836 1316 3904 deferre,

167 3915 244 3986 quod
257 3915 333 3970 dicat
351 3933 416 3971 earn
434 3934 499 3971 cum
516 3917 589 3972 Gaio
609 3917 675 3972 Seio
694 3918 722 3972 in
742 3917 856 3973 civitate
875 3918 930 3986 illa,
944 3919 1030 3972 domo
1045 3919 1127 3986 illius,
1144 3936 1243 3975 mense
1260 3919 1316 3987 illo,

168 3999 330 4054 consulibus
343 3997 397 4054 illis
410 3999 578 4056 adulterium
592 4001 785 4056 commisisse!
816 4003 870 4057 But
884 4002 932 4056 the
945 4002 1099 4072 procedure
1113 4003 1141 4058 in
1154 4003 1317 4073 Justinian's

167 4083 236 4137 time
248 4082 335 4153 being
346 4084 504 4154 altogether
516 4095 594 4140 extra
611 4085 747 4153 ordinem,
762 4085 778 4139 i.
787 4102 811 4141 e.
825 4086 885 4140 that
905 4085 1067 4155 prescribed
1085 4086 1129 4141 for
1143 4087 1191 4142 the
1209 4088 1317 4142 several

168 4166 272 4222 iudicia
290 4167 403 4238 publica
422 4168 460 4238 by
472 4178 577 4223 statute
595 4169 700 4240 having
719 4170 804 4223 fallen
823 4169 882 4224 into
900 4169 1004 4238 diense,
1017 4171 1066 4224 the
1083 4170 1250 4225 differences
1268 4171 1317 4225 be·

168 4259 258 4305 tween
271 4251 381 4306 actions
393 4252 451 4306 and
463 4252 657 4321 prosecutions
670 4270 742 4308 were
755 4263 805 4307 not
818 4270 850 4307 so
863 4253 981 4307 marked
993 4270 1025 4308 as
1038 4253 1128 4324 might
1145 4255 1182 4308 be
1195 4253 1317 4310 inserted

167 4335 240 4389 from
253 4334 302 4390 the
315 4344 373 4390 text
386 4335 487 4390 above.

205 4416 255 4489 §I
277 4419 445 4489 Plerumque
466 4419 585 4490 belongs
607 4430 637 4475 to
657 4418 760 4474 ‘cuivis
779 4436 814 4474 ex
836 4421 957 4490 populo’
994 4420 1169 4491 Impuberes,
1188 4421 1317 4489 infames,

168 4501 226 4561 and
244 4501 293 4559 the
311 4518 379 4573 very
390 4518 462 4574 poor
479 4519 552 4561 were
568 4520 600 4560 as
613 4521 631 4560 a
643 4504 702 4560 rule
715 4501 845 4561 disabled
861 4503 934 4561 from
950 4502 1140 4576 prosecuting,
1154 4505 1221 4576 Dig.
1234 4506 1276 4574 48.
1291 4521 1315 4560 2.
