<?xml version="1.0" encoding="UTF-8"?>
<!DOCTYPE html PUBLIC "-//W3C//DTD XHTML 1.0 Transitional//EN"
    "http://www.w3.org/TR/xhtml1/DTD/xhtml1-transitional.dtd">
<html xmlns="http://www.w3.org/1999/xhtml" xml:lang="en" lang="en">
 <head>
  <title>
</title>
<meta http-equiv="Content-Type" content="text/html;charset=utf-8" />
  <meta name='ocr-system' content='tesseract 3.04.00' />
  <meta name='ocr-capabilities' content='ocr_page ocr_carea ocr_par ocr_line ocrx_word'/>
</head>
<body>
  <div class='ocr_page' id='page_1' title='image "./imperatorisiust00goog_0227.png"; bbox 0 0 2986 5048; ppageno 0'>
   <div class='ocr_carea' id='block_1_1' title="bbox 214 342 1366 419">
    <p class='ocr_par' dir='ltr' id='par_1_1' title="bbox 214 342 1366 419">
     <span class='ocr_line' id='line_1_1' title="bbox 214 342 1366 419; baseline -0.003 -16"><span class='ocrx_word' id='word_1_1' title='bbox 214 356 278 419; x_wconf 83' lang='lat'>214</span> <span class='ocrx_word' id='word_1_2' title='bbox 418 343 771 401; x_wconf 83' lang='lat' dir='ltr'><em>INSTITUTIONUM</em></span> <span class='ocrx_word' id='word_1_3' title='bbox 789 342 907 398; x_wconf 90' lang='lat' dir='ltr'><em>LIBRI</em></span> <span class='ocrx_word' id='word_1_4' title='bbox 928 342 1165 416; x_wconf 82' lang='lat' dir='ltr'><em>QUATTUOR.</em></span> <span class='ocrx_word' id='word_1_5' title='bbox 1261 342 1366 409; x_wconf 75' lang='lat' dir='ltr'>[Libii.</span> 
     </span>
    </p>
   </div>
   <div class='ocr_carea' id='block_1_2' title="bbox 185 505 1369 2666">
    <p class='ocr_par' dir='ltr' id='par_1_2' title="bbox 215 505 1367 781">
     <span class='ocr_line' id='line_1_2' title="bbox 216 505 1367 590; baseline -0.004 -16"><span class='ocrx_word' id='word_1_6' title='bbox 216 519 342 575; x_wconf 90' lang='lat' dir='ltr'>etcum</span> <span class='ocrx_word' id='word_1_7' title='bbox 365 529 470 573; x_wconf 92' lang='lat' dir='ltr'>uxore</span> <span class='ocrx_word' id='word_1_8' title='bbox 492 529 552 573; x_wconf 93' lang='lat' dir='ltr'>sua</span> <span class='ocrx_word' id='word_1_9' title='bbox 574 507 751 590; x_wconf 87' lang='lat' dir='ltr'>liberisque</span> <span class='ocrx_word' id='word_1_10' title='bbox 773 508 849 585; x_wconf 89' lang='lat' dir='ltr'>suis,</span> <span class='ocrx_word' id='word_1_11' title='bbox 868 507 949 571; x_wconf 91' lang='lat' dir='ltr'>item</span> <span class='ocrx_word' id='word_1_12' title='bbox 973 505 1098 570; x_wconf 86' lang='lat' dir='ltr'>libertis</span> <span class='ocrx_word' id='word_1_13' title='bbox 1121 526 1181 571; x_wconf 92' lang='lat' dir='ltr'>nec</span> <span class='ocrx_word' id='word_1_14' title='bbox 1205 526 1271 569; x_wconf 93' lang='lat' dir='ltr'>non</span> <span class='ocrx_word' id='word_1_15' title='bbox 1294 505 1367 570; x_wconf 90' lang='lat' dir='ltr'>aliis</span> 
     </span>
     <span class='ocr_line' id='line_1_3' title="bbox 215 609 1366 695; baseline -0.003 -19"><span class='ocrx_word' id='word_1_16' title='bbox 215 612 324 676; x_wconf 90' lang='lat' dir='ltr'>liberis</span> <span class='ocrx_word' id='word_1_17' title='bbox 347 614 506 695; x_wconf 92' lang='lat' dir='ltr'>personis,</span> <span class='ocrx_word' id='word_1_18' title='bbox 528 613 647 695; x_wconf 92' lang='lat' dir='ltr'>quibus</span> <span class='ocrx_word' id='word_1_19' title='bbox 670 631 737 675; x_wconf 90' lang='lat' dir='ltr'>non</span> <span class='ocrx_word' id='word_1_20' title='bbox 760 612 868 674; x_wconf 91' lang='lat' dir='ltr'>minus</span> <span class='ocrx_word' id='word_1_21' title='bbox 891 630 991 693; x_wconf 90' lang='lat' dir='ltr'>quarn</span> <span class='ocrx_word' id='word_1_22' title='bbox 1015 612 1116 674; x_wconf 89' lang='lat' dir='ltr'>servis</span> <span class='ocrx_word' id='word_1_23' title='bbox 1139 612 1250 685; x_wconf 91' lang='lat' dir='ltr'>utitur,</span> <span class='ocrx_word' id='word_1_24' title='bbox 1274 609 1366 672; x_wconf 89' lang='lat' dir='ltr'>habi-</span> 
     </span>
     <span class='ocr_line' id='line_1_4' title="bbox 216 714 1366 781; baseline -0.003 -1"><span class='ocrx_word' id='word_1_25' title='bbox 216 717 310 780; x_wconf 91' lang='lat' dir='ltr'>tandi</span> <span class='ocrx_word' id='word_1_26' title='bbox 328 718 378 780; x_wconf 93' lang='lat' dir='ltr'>ius</span> <span class='ocrx_word' id='word_1_27' title='bbox 393 715 534 781; x_wconf 90' lang='lat' dir='ltr'>habeat:</span> <span class='ocrx_word' id='word_1_28' title='bbox 558 726 592 780; x_wconf 91' lang='lat' dir='ltr'>et</span> <span class='ocrx_word' id='word_1_29' title='bbox 605 717 839 780; x_wconf 90' lang='lat' dir='ltr'>convenienter</span> <span class='ocrx_word' id='word_1_30' title='bbox 852 717 879 778; x_wconf 90' lang='lat' dir='ltr'>si</span> <span class='ocrx_word' id='word_1_31' title='bbox 895 716 938 778; x_wconf 90' lang='lat' dir='ltr'>ad</span> <span class='ocrx_word' id='word_1_32' title='bbox 953 714 1124 779; x_wconf 92' lang='lat' dir='ltr'>mulierem</span> <span class='ocrx_word' id='word_1_33' title='bbox 1140 735 1219 777; x_wconf 89' lang='lat' dir='ltr'>usus</span> <span class='ocrx_word' id='word_1_34' title='bbox 1234 716 1366 778; x_wconf 89' lang='lat' dir='ltr'>aedium</span> 
     </span>
    </p>

    <p class='ocr_par' dir='ltr' id='par_1_3' title="bbox 185 819 1368 1112">
     <span class='ocr_line' id='line_1_5' title="bbox 185 819 1366 904; baseline -0.004 -19"><span class='ocrx_word' id='word_1_35' title='bbox 185 830 202 885; x_wconf 85' lang='lat'><strong>3</strong></span> <span class='ocrx_word' id='word_1_36' title='bbox 216 822 390 904; x_wconf 89' lang='lat' dir='ltr'>pertineat,</span> <span class='ocrx_word' id='word_1_37' title='bbox 408 842 482 885; x_wconf 89' lang='lat' dir='ltr'>curn</span> <span class='ocrx_word' id='word_1_38' title='bbox 500 822 618 884; x_wconf 92' lang='lat' dir='ltr'>marito</span> <span class='ocrx_word' id='word_1_39' title='bbox 634 819 784 884; x_wconf 90' lang='lat' dir='ltr'>habitare</span> <span class='ocrx_word' id='word_1_40' title='bbox 799 819 906 884; x_wconf 91' lang='lat' dir='ltr'>liceat.</span> <span class='ocrx_word' id='word_1_41' title='bbox 954 820 1040 883; x_wconf 86' lang='lat' dir='ltr'>Item</span> <span class='ocrx_word' id='word_1_42' title='bbox 1057 821 1093 894; x_wconf 91' lang='lat' dir='ltr'>is,</span> <span class='ocrx_word' id='word_1_43' title='bbox 1107 820 1149 883; x_wconf 94' lang='lat' dir='ltr'>ad</span> <span class='ocrx_word' id='word_1_44' title='bbox 1167 840 1266 901; x_wconf 90' lang='lat' dir='ltr'>quem</span> <span class='ocrx_word' id='word_1_45' title='bbox 1283 820 1366 882; x_wconf 91' lang='lat' dir='ltr'>servi</span> 
     </span>
     <span class='ocr_line' id='line_1_6' title="bbox 216 924 1367 1007; baseline -0.003 -19"><span class='ocrx_word' id='word_1_46' title='bbox 216 945 295 989; x_wconf 87' lang='lat' dir='ltr'>usus</span> <span class='ocrx_word' id='word_1_47' title='bbox 321 926 473 1007; x_wconf 84' lang='lat' dir='ltr'>pertinet,</span> <span class='ocrx_word' id='word_1_48' title='bbox 501 926 573 1006; x_wconf 89' lang='lat' dir='ltr'>ipse</span> <span class='ocrx_word' id='word_1_49' title='bbox 598 933 729 988; x_wconf 88' lang='lat' dir='ltr'>tantum</span> <span class='ocrx_word' id='word_1_50' title='bbox 754 925 863 1006; x_wconf 90' lang='lat' dir='ltr'>operis</span> <span class='ocrx_word' id='word_1_51' title='bbox 888 931 991 1005; x_wconf 89' lang='lat' dir='ltr'>atque</span> <span class='ocrx_word' id='word_1_52' title='bbox 1015 924 1195 987; x_wconf 92' lang='lat' dir='ltr'>ministerio</span> <span class='ocrx_word' id='word_1_53' title='bbox 1222 925 1293 986; x_wconf 89' lang='lat' dir='ltr'>eius</span> <span class='ocrx_word' id='word_1_54' title='bbox 1318 924 1367 986; x_wconf 92' lang='lat' dir='ltr'>uti</span> 
     </span>
     <span class='ocr_line' id='line_1_7' title="bbox 216 1026 1368 1112; baseline -0.003 -20"><span class='ocrx_word' id='word_1_55' title='bbox 216 1038 348 1112; x_wconf 93' lang='lat' dir='ltr'>potest:</span> <span class='ocrx_word' id='word_1_56' title='bbox 372 1030 415 1092; x_wconf 92' lang='lat' dir='ltr'>ad</span> <span class='ocrx_word' id='word_1_57' title='bbox 430 1028 531 1091; x_wconf 89' lang='lat' dir='ltr'>aliurn</span> <span class='ocrx_word' id='word_1_58' title='bbox 546 1049 624 1092; x_wconf 92' lang='lat' dir='ltr'>vero</span> <span class='ocrx_word' id='word_1_59' title='bbox 641 1027 732 1090; x_wconf 92' lang='lat' dir='ltr'>nullo</span> <span class='ocrx_word' id='word_1_60' title='bbox 749 1028 850 1091; x_wconf 91' lang='lat' dir='ltr'>modo</span> <span class='ocrx_word' id='word_1_61' title='bbox 865 1028 915 1091; x_wconf 90' lang='lat' dir='ltr'>ius</span> <span class='ocrx_word' id='word_1_62' title='bbox 931 1047 1026 1091; x_wconf 88' lang='lat' dir='ltr'>suurn</span> <span class='ocrx_word' id='word_1_63' title='bbox 1049 1026 1223 1090; x_wconf 82' lang='lat' dir='ltr'>transferre</span> <span class='ocrx_word' id='word_1_64' title='bbox 1242 1028 1271 1089; x_wconf 93' lang='lat' dir='ltr'>ei</span> <span class='ocrx_word' id='word_1_65' title='bbox 1290 1046 1368 1090; x_wconf 91' lang='lat' dir='ltr'>con-</span> 
     </span>
    </p>

    <p class='ocr_par' dir='ltr' id='par_1_4' title="bbox 185 1129 1368 1526">
     <span class='ocr_line' id='line_1_8' title="bbox 185 1129 1367 1199; baseline -0.007 0"><span class='ocrx_word' id='word_1_66' title='bbox 185 1145 347 1199; x_wconf 83' lang='lat' dir='ltr'>4cessum</span> <span class='ocrx_word' id='word_1_67' title='bbox 371 1141 431 1197; x_wconf 92' lang='lat' dir='ltr'>est.</span> <span class='ocrx_word' id='word_1_68' title='bbox 466 1133 555 1195; x_wconf 89' lang='lat' dir='ltr'>idern</span> <span class='ocrx_word' id='word_1_69' title='bbox 585 1131 711 1195; x_wconf 91' lang='lat' dir='ltr'>scilicet</span> <span class='ocrx_word' id='word_1_70' title='bbox 735 1132 813 1194; x_wconf 93' lang='lat' dir='ltr'>iuris</span> <span class='ocrx_word' id='word_1_71' title='bbox 839 1141 890 1195; x_wconf 93' lang='lat' dir='ltr'>est</span> <span class='ocrx_word' id='word_1_72' title='bbox 917 1132 1008 1194; x_wconf 90' lang='lat' dir='ltr'>etin</span> <span class='ocrx_word' id='word_1_73' title='bbox 1035 1131 1192 1194; x_wconf 91' lang='lat' dir='ltr'>iumento.</span> <span class='ocrx_word' id='word_1_74' title='bbox 1247 1129 1316 1193; x_wconf 88' lang='lat' dir='ltr'>Sed</span> <span class='ocrx_word' id='word_1_75' title='bbox 1341 1132 1367 1192; x_wconf 93' lang='lat' dir='ltr'>si</span> 
     </span>
     <span class='ocr_line' id='line_1_9' title="bbox 216 1232 1368 1320; baseline -0.004 -20"><span class='ocrx_word' id='word_1_76' title='bbox 216 1237 343 1320; x_wconf 91' lang='lat' dir='ltr'>pecoris</span> <span class='ocrx_word' id='word_1_77' title='bbox 357 1235 410 1300; x_wconf 92' lang='lat' dir='ltr'>vel</span> <span class='ocrx_word' id='word_1_78' title='bbox 426 1237 537 1299; x_wconf 92' lang='lat' dir='ltr'>ovium</span> <span class='ocrx_word' id='word_1_79' title='bbox 559 1257 637 1299; x_wconf 90' lang='lat' dir='ltr'>usus</span> <span class='ocrx_word' id='word_1_80' title='bbox 653 1235 782 1317; x_wconf 88' lang='lat' dir='ltr'>legatus</span> <span class='ocrx_word' id='word_1_81' title='bbox 797 1232 903 1312; x_wconf 84' lang='lat' dir='ltr'>suerit,</span> <span class='ocrx_word' id='word_1_82' title='bbox 920 1255 1027 1316; x_wconf 90' lang='lat' dir='ltr'>neque</span> <span class='ocrx_word' id='word_1_83' title='bbox 1048 1234 1135 1298; x_wconf 90' lang='lat' dir='ltr'>lacte</span> <span class='ocrx_word' id='word_1_84' title='bbox 1150 1255 1259 1317; x_wconf 93' lang='lat' dir='ltr'>neque</span> <span class='ocrx_word' id='word_1_85' title='bbox 1273 1234 1368 1315; x_wconf 85' lang='lat' dir='ltr'>agnis</span> 
     </span>
     <span class='ocr_line' id='line_1_10' title="bbox 216 1337 1367 1423; baseline -0.003 -18"><span class='ocrx_word' id='word_1_86' title='bbox 216 1360 325 1423; x_wconf 89' lang='lat' dir='ltr'>neque</span> <span class='ocrx_word' id='word_1_87' title='bbox 348 1339 423 1404; x_wconf 90' lang='lat' dir='ltr'>lana</span> <span class='ocrx_word' id='word_1_88' title='bbox 445 1348 556 1403; x_wconf 87' lang='lat' dir='ltr'>utetur</span> <span class='ocrx_word' id='word_1_89' title='bbox 578 1341 735 1415; x_wconf 90' lang='lat' dir='ltr'>usuarius,</span> <span class='ocrx_word' id='word_1_90' title='bbox 750 1339 827 1420; x_wconf 91' lang='lat' dir='ltr'>quia</span> <span class='ocrx_word' id='word_1_91' title='bbox 845 1358 886 1401; x_wconf 92' lang='lat' dir='ltr'>ea</span> <span class='ocrx_word' id='word_1_92' title='bbox 906 1339 939 1401; x_wconf 93' lang='lat' dir='ltr'>in</span> <span class='ocrx_word' id='word_1_93' title='bbox 960 1337 1066 1402; x_wconf 83' lang='lat' dir='ltr'>fructu</span> <span class='ocrx_word' id='word_1_94' title='bbox 1088 1348 1174 1403; x_wconf 90' lang='lat' dir='ltr'>sunt.</span> <span class='ocrx_word' id='word_1_95' title='bbox 1205 1338 1303 1421; x_wconf 91' lang='lat' dir='ltr'>plane</span> <span class='ocrx_word' id='word_1_96' title='bbox 1323 1339 1367 1401; x_wconf 90' lang='lat' dir='ltr'>ad</span> 
     </span>
     <span class='ocr_line' id='line_1_11' title="bbox 215 1442 1098 1526; baseline -0.001 -18"><span class='ocrx_word' id='word_1_97' title='bbox 215 1444 464 1511; x_wconf 87' lang='lat' dir='ltr'>stercorandum</span> <span class='ocrx_word' id='word_1_98' title='bbox 480 1463 596 1526; x_wconf 88' lang='lat' dir='ltr'>agrurn</span> <span class='ocrx_word' id='word_1_99' title='bbox 612 1463 709 1506; x_wconf 89' lang='lat' dir='ltr'>suurn</span> <span class='ocrx_word' id='word_1_100' title='bbox 725 1442 898 1525; x_wconf 87' lang='lat' dir='ltr'>pecoribus</span> <span class='ocrx_word' id='word_1_101' title='bbox 915 1444 963 1507; x_wconf 92' lang='lat' dir='ltr'>uti</span> <span class='ocrx_word' id='word_1_102' title='bbox 978 1450 1098 1524; x_wconf 90' lang='lat' dir='ltr'>potest.</span> 
     </span>
    </p>

    <p class='ocr_par' dir='ltr' id='par_1_5' title="bbox 186 1543 1368 2132">
     <span class='ocr_line' id='line_1_12' title="bbox 186 1543 1368 1628; baseline -0.002 -16"><span class='ocrx_word' id='word_1_103' title='bbox 186 1558 204 1612; x_wconf 83' lang='lat'><strong>5</strong></span> <span class='ocrx_word' id='word_1_104' title='bbox 262 1543 331 1612; x_wconf 91' lang='lat' dir='ltr'>Sed</span> <span class='ocrx_word' id='word_1_105' title='bbox 354 1549 450 1612; x_wconf 90' lang='lat' dir='ltr'>sicui</span> <span class='ocrx_word' id='word_1_106' title='bbox 472 1546 635 1610; x_wconf 79' lang='lat' dir='ltr'>habitatio</span> <span class='ocrx_word' id='word_1_107' title='bbox 655 1547 768 1628; x_wconf 91' lang='lat' dir='ltr'>legata</span> <span class='ocrx_word' id='word_1_108' title='bbox 782 1547 851 1610; x_wconf 90' lang='lat' dir='ltr'>sive</span> <span class='ocrx_word' id='word_1_109' title='bbox 866 1546 979 1628; x_wconf 90' lang='lat' dir='ltr'>aliquo</span> <span class='ocrx_word' id='word_1_110' title='bbox 1001 1547 1103 1610; x_wconf 92' lang='lat' dir='ltr'>modo</span> <span class='ocrx_word' id='word_1_111' title='bbox 1119 1547 1300 1610; x_wconf 89' lang='lat' dir='ltr'>constituta</span> <span class='ocrx_word' id='word_1_112' title='bbox 1316 1547 1368 1622; x_wconf 87' lang='lat' dir='ltr'>sit,</span> 
     </span>
     <span class='ocr_line' id='line_1_13' title="bbox 216 1649 1367 1736; baseline -0.006 -17"><span class='ocrx_word' id='word_1_113' title='bbox 216 1674 324 1736; x_wconf 90' lang='lat' dir='ltr'>neque</span> <span class='ocrx_word' id='word_1_114' title='bbox 351 1673 429 1715; x_wconf 91' lang='lat' dir='ltr'>usus</span> <span class='ocrx_word' id='word_1_115' title='bbox 451 1651 581 1715; x_wconf 91' lang='lat' dir='ltr'>videtur</span> <span class='ocrx_word' id='word_1_116' title='bbox 604 1671 711 1734; x_wconf 91' lang='lat' dir='ltr'>neque</span> <span class='ocrx_word' id='word_1_117' title='bbox 736 1649 969 1728; x_wconf 85' lang='lat' dir='ltr'>ususfructus,</span> <span class='ocrx_word' id='word_1_118' title='bbox 995 1651 1054 1714; x_wconf 90' lang='lat' dir='ltr'>sed</span> <span class='ocrx_word' id='word_1_119' title='bbox 1078 1651 1172 1732; x_wconf 93' lang='lat' dir='ltr'>quasi</span> <span class='ocrx_word' id='word_1_120' title='bbox 1199 1652 1367 1733; x_wconf 90' lang='lat' dir='ltr'>proprium</span> 
     </span>
     <span class='ocr_line' id='line_1_14' title="bbox 216 1753 1367 1839; baseline -0.003 -19"><span class='ocrx_word' id='word_1_121' title='bbox 216 1757 348 1839; x_wconf 89' lang='lat' dir='ltr'>aliquod</span> <span class='ocrx_word' id='word_1_122' title='bbox 375 1757 437 1819; x_wconf 91' lang='lat' dir='ltr'>ius.</span> <span class='ocrx_word' id='word_1_123' title='bbox 489 1776 590 1837; x_wconf 89' lang='lat' dir='ltr'>quarn</span> <span class='ocrx_word' id='word_1_124' title='bbox 614 1753 853 1818; x_wconf 90' lang='lat' dir='ltr'>habitationem</span> <span class='ocrx_word' id='word_1_125' title='bbox 878 1753 1077 1818; x_wconf 90' lang='lat' dir='ltr'>habentibus</span> <span class='ocrx_word' id='word_1_126' title='bbox 1103 1765 1238 1838; x_wconf 91' lang='lat' dir='ltr'>propter</span> <span class='ocrx_word' id='word_1_127' title='bbox 1259 1775 1367 1818; x_wconf 85' lang='lat' dir='ltr'>rerum</span> 
     </span>
     <span class='ocr_line' id='line_1_15' title="bbox 217 1857 1368 1925; baseline -0.003 0"><span class='ocrx_word' id='word_1_128' title='bbox 217 1861 394 1925; x_wconf 89' lang='lat' dir='ltr'>utilitatem</span> <span class='ocrx_word' id='word_1_129' title='bbox 425 1860 606 1923; x_wconf 90' lang='lat' dir='ltr'>secundum</span> <span class='ocrx_word' id='word_1_130' title='bbox 643 1857 790 1922; x_wconf 86' lang='lat' dir='ltr'>Marcelli</span> <span class='ocrx_word' id='word_1_131' title='bbox 828 1860 1028 1922; x_wconf 90' lang='lat' dir='ltr'>sententiam</span> <span class='ocrx_word' id='word_1_132' title='bbox 1060 1868 1171 1923; x_wconf 90' lang='lat' dir='ltr'>nostra</span> <span class='ocrx_word' id='word_1_133' title='bbox 1201 1860 1368 1923; x_wconf 91' lang='lat' dir='ltr'>decisione</span> 
     </span>
     <span class='ocr_line' id='line_1_16' title="bbox 217 1961 1367 2048; baseline -0.001 -21"><span class='ocrx_word' id='word_1_134' title='bbox 217 1963 428 2048; x_wconf 87' lang='lat' dir='ltr'>promulgata</span> <span class='ocrx_word' id='word_1_135' title='bbox 452 1963 662 2046; x_wconf 89' lang='lat' dir='ltr'>permisimus</span> <span class='ocrx_word' id='word_1_136' title='bbox 686 1981 753 2024; x_wconf 93' lang='lat' dir='ltr'>non</span> <span class='ocrx_word' id='word_1_137' title='bbox 777 1961 884 2024; x_wconf 90' lang='lat' dir='ltr'>solum</span> <span class='ocrx_word' id='word_1_138' title='bbox 908 1963 941 2025; x_wconf 90' lang='lat' dir='ltr'>in</span> <span class='ocrx_word' id='word_1_139' title='bbox 965 1984 1004 2026; x_wconf 86' lang='lat' dir='ltr'>ea</span> <span class='ocrx_word' id='word_1_140' title='bbox 1026 1963 1155 2046; x_wconf 86' lang='lat' dir='ltr'>degere,</span> <span class='ocrx_word' id='word_1_141' title='bbox 1183 1964 1241 2026; x_wconf 89' lang='lat' dir='ltr'>sed</span> <span class='ocrx_word' id='word_1_142' title='bbox 1266 1964 1367 2027; x_wconf 88' lang='lat' dir='ltr'>etiam</span> 
     </span>
     <span class='ocr_line' id='line_1_17' title="bbox 217 2068 421 2132; baseline -0.005 0"><span class='ocrx_word' id='word_1_143' title='bbox 217 2068 290 2132; x_wconf 93' lang='lat' dir='ltr'>aliis</span> <span class='ocrx_word' id='word_1_144' title='bbox 305 2068 421 2132; x_wconf 90' lang='lat' dir='ltr'>locare.</span> 
     </span>
    </p>

    <p class='ocr_par' dir='ltr' id='par_1_6' title="bbox 186 2167 1369 2666">
     <span class='ocr_line' id='line_1_18' title="bbox 186 2167 1368 2236; baseline 0 -2"><span class='ocrx_word' id='word_1_145' title='bbox 186 2180 204 2234; x_wconf 87' lang='lat'><strong>6</strong></span> <span class='ocrx_word' id='word_1_146' title='bbox 262 2172 357 2236; x_wconf 90' lang='lat' dir='ltr'>Haec</span> <span class='ocrx_word' id='word_1_147' title='bbox 381 2171 424 2233; x_wconf 93' lang='lat' dir='ltr'>de</span> <span class='ocrx_word' id='word_1_148' title='bbox 450 2169 661 2235; x_wconf 85' lang='lat' dir='ltr'>servitutibus</span> <span class='ocrx_word' id='word_1_149' title='bbox 687 2177 721 2233; x_wconf 92' lang='lat' dir='ltr'>et</span> <span class='ocrx_word' id='word_1_150' title='bbox 748 2190 808 2233; x_wconf 92' lang='lat' dir='ltr'>usu</span> <span class='ocrx_word' id='word_1_151' title='bbox 832 2167 940 2234; x_wconf 88' lang='lat' dir='ltr'>fructu</span> <span class='ocrx_word' id='word_1_152' title='bbox 964 2177 998 2233; x_wconf 87' lang='lat' dir='ltr'>et</span> <span class='ocrx_word' id='word_1_153' title='bbox 1022 2191 1081 2233; x_wconf 86' lang='lat' dir='ltr'>usu</span> <span class='ocrx_word' id='word_1_154' title='bbox 1107 2180 1141 2235; x_wconf 92' lang='lat' dir='ltr'>et</span> <span class='ocrx_word' id='word_1_155' title='bbox 1163 2169 1368 2234; x_wconf 87' lang='lat' dir='ltr'>habitatione</span> 
     </span>
     <span class='ocr_line' id='line_1_19' title="bbox 216 2272 1368 2356; baseline -0.003 -17"><span class='ocrx_word' id='word_1_156' title='bbox 216 2275 342 2339; x_wconf 91' lang='lat' dir='ltr'>dixisse</span> <span class='ocrx_word' id='word_1_157' title='bbox 357 2275 506 2338; x_wconf 88' lang='lat' dir='ltr'>sufficiat.</span> <span class='ocrx_word' id='word_1_158' title='bbox 533 2274 576 2337; x_wconf 93' lang='lat' dir='ltr'>de</span> <span class='ocrx_word' id='word_1_159' title='bbox 591 2272 775 2337; x_wconf 91' lang='lat' dir='ltr'>hereditate</span> <span class='ocrx_word' id='word_1_160' title='bbox 791 2283 903 2337; x_wconf 89' lang='lat' dir='ltr'>autern</span> <span class='ocrx_word' id='word_1_161' title='bbox 919 2283 954 2338; x_wconf 87' lang='lat' dir='ltr'>et</span> <span class='ocrx_word' id='word_1_162' title='bbox 969 2275 1012 2338; x_wconf 92' lang='lat' dir='ltr'>de</span> <span class='ocrx_word' id='word_1_163' title='bbox 1027 2273 1285 2356; x_wconf 83' lang='lat' dir='ltr'>obligationibus</span> <span class='ocrx_word' id='word_1_164' title='bbox 1300 2275 1368 2337; x_wconf 90' lang='lat' dir='ltr'>suis</span> 
     </span>
     <span class='ocr_line' id='line_1_20' title="bbox 216 2378 1369 2460; baseline -0.002 -17"><span class='ocrx_word' id='word_1_165' title='bbox 216 2378 297 2443; x_wconf 91' lang='lat' dir='ltr'>locis</span> <span class='ocrx_word' id='word_1_166' title='bbox 312 2398 545 2460; x_wconf 87' lang='lat' dir='ltr'>proponamus.</span> <span class='ocrx_word' id='word_1_167' title='bbox 577 2378 793 2459; x_wconf 88' lang='lat' dir='ltr'>exposuimus</span> <span class='ocrx_word' id='word_1_168' title='bbox 816 2379 1017 2457; x_wconf 89' lang='lat' dir='ltr'>summatim,</span> <span class='ocrx_word' id='word_1_169' title='bbox 1034 2379 1154 2460; x_wconf 89' lang='lat' dir='ltr'>quibus</span> <span class='ocrx_word' id='word_1_170' title='bbox 1176 2379 1283 2441; x_wconf 86' lang='lat' dir='ltr'>modis</span> <span class='ocrx_word' id='word_1_171' title='bbox 1299 2379 1369 2442; x_wconf 91' lang='lat' dir='ltr'>iure</span> 
     </span>
     <span class='ocr_line' id='line_1_21' title="bbox 215 2481 1369 2567; baseline -0.002 -20"><span class='ocrx_word' id='word_1_172' title='bbox 215 2483 365 2567; x_wconf 87' lang='lat' dir='ltr'>gentium</span> <span class='ocrx_word' id='word_1_173' title='bbox 382 2502 433 2545; x_wconf 91' lang='lat' dir='ltr'>res</span> <span class='ocrx_word' id='word_1_174' title='bbox 448 2482 685 2563; x_wconf 88' lang='lat' dir='ltr'>adquiruntur:</span> <span class='ocrx_word' id='word_1_175' title='bbox 709 2482 810 2545; x_wconf 93' lang='lat' dir='ltr'>modo</span> <span class='ocrx_word' id='word_1_176' title='bbox 830 2483 1011 2558; x_wconf 78' lang='lat' dir='ltr'>videamus¹</span> <span class='ocrx_word' id='word_1_177' title='bbox 1027 2483 1147 2565; x_wconf 92' lang='lat' dir='ltr'>quibus</span> <span class='ocrx_word' id='word_1_178' title='bbox 1164 2483 1271 2545; x_wconf 89' lang='lat' dir='ltr'>modis</span> <span class='ocrx_word' id='word_1_179' title='bbox 1287 2481 1369 2565; x_wconf 89' lang='lat' dir='ltr'>legi·</span> 
     </span>
     <span class='ocr_line' id='line_1_22' title="bbox 215 2585 776 2666; baseline -0.004 -15"><span class='ocrx_word' id='word_1_180' title='bbox 215 2587 298 2651; x_wconf 88' lang='lat' dir='ltr'>timo</span> <span class='ocrx_word' id='word_1_181' title='bbox 315 2596 348 2650; x_wconf 90' lang='lat' dir='ltr'>et</span> <span class='ocrx_word' id='word_1_182' title='bbox 363 2585 448 2649; x_wconf 92' lang='lat' dir='ltr'>civili</span> <span class='ocrx_word' id='word_1_183' title='bbox 464 2587 533 2649; x_wconf 90' lang='lat' dir='ltr'>iure</span> <span class='ocrx_word' id='word_1_184' title='bbox 547 2585 776 2666; x_wconf 90' lang='lat' dir='ltr'>adquiruntur.</span> 
     </span>
    </p>
   </div>
   <div class='ocr_carea' id='block_1_3' title="bbox 215 2789 1369 4533">
    <p class='ocr_par' dir='ltr' id='par_1_7' title="bbox 215 2789 1368 3180">
     <span class='ocr_line' id='line_1_23' title="bbox 215 2789 1368 2861; baseline 0.003 -16"><span class='ocrx_word' id='word_1_185' title='bbox 215 2791 248 2845; x_wconf 82' lang='lat' dir='ltr'>oi</span> <span class='ocrx_word' id='word_1_186' title='bbox 269 2809 287 2846; x_wconf 92' lang='lat' dir='ltr'>a</span> <span class='ocrx_word' id='word_1_187' title='bbox 312 2792 400 2845; x_wconf 90' lang='lat' dir='ltr'>house</span> <span class='ocrx_word' id='word_1_188' title='bbox 422 2807 479 2845; x_wconf 92' lang='lat' dir='ltr'>was</span> <span class='ocrx_word' id='word_1_189' title='bbox 503 2789 588 2860; x_wconf 87' lang='lat' dir='ltr'>given</span> <span class='ocrx_word' id='word_1_190' title='bbox 610 2789 700 2858; x_wconf 87' lang='lat' dir='ltr'>might</span> <span class='ocrx_word' id='word_1_191' title='bbox 723 2800 772 2844; x_wconf 92' lang='lat' dir='ltr'>not</span> <span class='ocrx_word' id='word_1_192' title='bbox 795 2789 849 2844; x_wconf 89' lang='lat' dir='ltr'>live</span> <span class='ocrx_word' id='word_1_193' title='bbox 872 2789 900 2844; x_wconf 93' lang='lat' dir='ltr'>in</span> <span class='ocrx_word' id='word_1_194' title='bbox 922 2790 943 2845; x_wconf 90' lang='lat' dir='ltr'>it</span> <span class='ocrx_word' id='word_1_195' title='bbox 964 2791 1031 2846; x_wconf 92' lang='lat' dir='ltr'>with</span> <span class='ocrx_word' id='word_1_196' title='bbox 1053 2793 1112 2859; x_wconf 91' lang='lat' dir='ltr'>her,</span> <span class='ocrx_word' id='word_1_197' title='bbox 1135 2791 1202 2861; x_wconf 87' lang='lat' dir='ltr'>Dig.</span> <span class='ocrx_word' id='word_1_198' title='bbox 1216 2805 1240 2858; x_wconf 89' lang='lat'>7.</span> <span class='ocrx_word' id='word_1_199' title='bbox 1255 2793 1278 2846; x_wconf 90' lang='lat'>8.</span> <span class='ocrx_word' id='word_1_200' title='bbox 1292 2807 1317 2859; x_wconf 73' lang='lat'><em>4</em></span> <span class='ocrx_word' id='word_1_201' title='bbox 1336 2808 1368 2848; x_wconf 87' lang='lat'>1:</span> 
     </span>
     <span class='ocr_line' id='line_1_24' title="bbox 216 2872 1368 2945; baseline 0.002 -17"><span class='ocrx_word' id='word_1_202' title='bbox 216 2875 341 2929; x_wconf 83' lang='lat' dir='ltr'>whether</span> <span class='ocrx_word' id='word_1_203' title='bbox 353 2874 402 2928; x_wconf 92' lang='lat' dir='ltr'>the</span> <span class='ocrx_word' id='word_1_204' title='bbox 415 2875 540 2942; x_wconf 88' lang='lat' dir='ltr'>usuary&#39;s</span> <span class='ocrx_word' id='word_1_205' title='bbox 553 2872 645 2927; x_wconf 90' lang='lat' dir='ltr'>liberti</span> <span class='ocrx_word' id='word_1_206' title='bbox 664 2872 754 2942; x_wconf 86' lang='lat' dir='ltr'>might</span> <span class='ocrx_word' id='word_1_207' title='bbox 767 2873 803 2927; x_wconf 94' lang='lat' dir='ltr'>be</span> <span class='ocrx_word' id='word_1_208' title='bbox 816 2873 926 2929; x_wconf 89' lang='lat' dir='ltr'>housed</span> <span class='ocrx_word' id='word_1_209' title='bbox 939 2891 996 2928; x_wconf 90' lang='lat' dir='ltr'>was</span> <span class='ocrx_word' id='word_1_210' title='bbox 1015 2891 1033 2929; x_wconf 89' lang='lat' dir='ltr'>a</span> <span class='ocrx_word' id='word_1_211' title='bbox 1051 2874 1182 2945; x_wconf 88' lang='lat' dir='ltr'>question</span> <span class='ocrx_word' id='word_1_212' title='bbox 1195 2885 1225 2929; x_wconf 92' lang='lat' dir='ltr'>to</span> <span class='ocrx_word' id='word_1_213' title='bbox 1237 2877 1285 2931; x_wconf 91' lang='lat' dir='ltr'>the</span> <span class='ocrx_word' id='word_1_214' title='bbox 1298 2875 1368 2930; x_wconf 90' lang='lat' dir='ltr'>time</span> 
     </span>
     <span class='ocr_line' id='line_1_25' title="bbox 216 2955 1367 3029; baseline 0.003 -19"><span class='ocrx_word' id='word_1_215' title='bbox 216 2958 250 3011; x_wconf 85' lang='lat' dir='ltr'>oi</span> <span class='ocrx_word' id='word_1_216' title='bbox 269 2958 377 3025; x_wconf 88' lang='lat' dir='ltr'>Celsus,</span> <span class='ocrx_word' id='word_1_217' title='bbox 399 2957 466 3026; x_wconf 90' lang='lat' dir='ltr'>Dig.</span> <span class='ocrx_word' id='word_1_218' title='bbox 484 2956 521 3011; x_wconf 96' lang='lat' dir='ltr'>ib.</span> <span class='ocrx_word' id='word_1_219' title='bbox 540 2972 565 3012; x_wconf 87' lang='lat'>2.</span> <span class='ocrx_word' id='word_1_220' title='bbox 588 2972 610 3011; x_wconf 90' lang='lat' dir='ltr'>r.</span> <span class='ocrx_word' id='word_1_221' title='bbox 640 2955 719 3011; x_wconf 93' lang='lat' dir='ltr'>With</span> <span class='ocrx_word' id='word_1_222' title='bbox 746 2956 825 3011; x_wconf 87' lang='lat' dir='ltr'>‘aliis</span> <span class='ocrx_word' id='word_1_223' title='bbox 851 2957 952 3027; x_wconf 92' lang='lat' dir='ltr'>quibus</span> <span class='ocrx_word' id='word_1_224' title='bbox 977 2975 1035 3013; x_wconf 93' lang='lat' dir='ltr'>non</span> <span class='ocrx_word' id='word_1_225' title='bbox 1060 2959 1153 3013; x_wconf 89' lang='lat' dir='ltr'>minus</span> <span class='ocrx_word' id='word_1_226' title='bbox 1173 2976 1258 3029; x_wconf 84' lang='lat' dir='ltr'>quam</span> <span class='ocrx_word' id='word_1_227' title='bbox 1279 2959 1367 3014; x_wconf 89' lang='lat' dir='ltr'>servis</span> 
     </span>
     <span class='ocr_line' id='line_1_26' title="bbox 216 3039 1366 3112; baseline 0.002 -17"><span class='ocrx_word' id='word_1_228' title='bbox 216 3040 318 3096; x_wconf 86' lang='lat' dir='ltr'>utitur&#39;</span> <span class='ocrx_word' id='word_1_229' title='bbox 337 3041 372 3096; x_wconf 82' lang='lat' dir='ltr'>cf.</span> <span class='ocrx_word' id='word_1_230' title='bbox 386 3040 452 3110; x_wconf 90' lang='lat' dir='ltr'>Dig.</span> <span class='ocrx_word' id='word_1_231' title='bbox 463 3053 487 3106; x_wconf 89' lang='lat'>7.</span> <span class='ocrx_word' id='word_1_232' title='bbox 498 3042 522 3094; x_wconf 92' lang='lat'>8.</span> <span class='ocrx_word' id='word_1_233' title='bbox 531 3055 557 3106; x_wconf 86' lang='lat'>4.</span> <span class='ocrx_word' id='word_1_234' title='bbox 567 3057 609 3110; x_wconf 91' lang='lat' dir='ltr'>pr.</span> <span class='ocrx_word' id='word_1_235' title='bbox 623 3039 710 3110; x_wconf 89' lang='lat' dir='ltr'>‘quos</span> <span class='ocrx_word' id='word_1_236' title='bbox 724 3040 787 3095; x_wconf 93' lang='lat' dir='ltr'>loco</span> <span class='ocrx_word' id='word_1_237' title='bbox 800 3058 945 3096; x_wconf 85' lang='lat' dir='ltr'>servorum</span> <span class='ocrx_word' id='word_1_238' title='bbox 958 3041 987 3096; x_wconf 91' lang='lat' dir='ltr'>in</span> <span class='ocrx_word' id='word_1_239' title='bbox 1000 3041 1094 3112; x_wconf 90' lang='lat' dir='ltr'>operis</span> <span class='ocrx_word' id='word_1_240' title='bbox 1105 3043 1199 3112; x_wconf 89' lang='lat' dir='ltr'>habet,</span> <span class='ocrx_word' id='word_1_241' title='bbox 1208 3041 1272 3097; x_wconf 89' lang='lat' dir='ltr'>licet</span> <span class='ocrx_word' id='word_1_242' title='bbox 1287 3042 1366 3098; x_wconf 87' lang='lat' dir='ltr'>liberi</span> 
     </span>
     <span class='ocr_line' id='line_1_27' title="bbox 216 3123 290 3180; baseline 0.014 -1"><span class='ocrx_word' id='word_1_243' title='bbox 216 3123 290 3180; x_wconf 68' lang='lat' dir='ltr'>sint!</span> 
     </span>
    </p>

    <p class='ocr_par' dir='ltr' id='par_1_8' title="bbox 216 3205 1367 3362">
     <span class='ocr_line' id='line_1_28' title="bbox 253 3205 1367 3278; baseline 0.003 -16"><span class='ocrx_word' id='word_1_244' title='bbox 253 3205 311 3278; x_wconf 63' lang='lat'>§4</span> <span class='ocrx_word' id='word_1_245' title='bbox 332 3208 395 3262; x_wconf 87' lang='lat' dir='ltr'>The</span> <span class='ocrx_word' id='word_1_246' title='bbox 413 3206 456 3261; x_wconf 92' lang='lat' dir='ltr'>ius</span> <span class='ocrx_word' id='word_1_247' title='bbox 474 3206 648 3262; x_wconf 83' lang='lat' dir='ltr'>stercorandi</span> <span class='ocrx_word' id='word_1_248' title='bbox 669 3224 761 3262; x_wconf 89' lang='lat' dir='ltr'>seems</span> <span class='ocrx_word' id='word_1_249' title='bbox 774 3216 804 3263; x_wconf 91' lang='lat' dir='ltr'>to</span> <span class='ocrx_word' id='word_1_250' title='bbox 817 3208 989 3278; x_wconf 91' lang='lat' dir='ltr'>correspond</span> <span class='ocrx_word' id='word_1_251' title='bbox 1001 3218 1032 3263; x_wconf 92' lang='lat' dir='ltr'>to</span> <span class='ocrx_word' id='word_1_252' title='bbox 1044 3209 1093 3263; x_wconf 88' lang='lat' dir='ltr'>the</span> <span class='ocrx_word' id='word_1_253' title='bbox 1109 3226 1177 3263; x_wconf 92' lang='lat' dir='ltr'>usus</span> <span class='ocrx_word' id='word_1_254' title='bbox 1195 3209 1367 3265; x_wconf 87' lang='lat' dir='ltr'>cottidianus</span> 
     </span>
     <span class='ocr_line' id='line_1_29' title="bbox 216 3289 392 3362; baseline -0.017 -15"><span class='ocrx_word' id='word_1_255' title='bbox 216 3290 249 3347; x_wconf 84' lang='lat' dir='ltr'>os</span> <span class='ocrx_word' id='word_1_256' title='bbox 259 3289 273 3362; x_wconf 82' lang='lat'>§</span> <span class='ocrx_word' id='word_1_257' title='bbox 292 3307 302 3345; x_wconf 90' lang='lat' dir='ltr'>r</span> <span class='ocrx_word' id='word_1_258' title='bbox 318 3308 392 3360; x_wconf 91' lang='lat' dir='ltr'>supr.</span> 
     </span>
    </p>

    <p class='ocr_par' dir='ltr' id='par_1_9' title="bbox 216 3371 1368 4111">
     <span class='ocr_line' id='line_1_30' title="bbox 253 3371 1368 3446; baseline 0.004 -18"><span class='ocrx_word' id='word_1_259' title='bbox 253 3371 267 3444; x_wconf 73' lang='grc' dir='ltr'><strong>ξ</strong></span> <span class='ocrx_word' id='word_1_260' title='bbox 282 3377 309 3429; x_wconf 84' lang='grc'>5,</span> <span class='ocrx_word' id='word_1_261' title='bbox 332 3375 357 3428; x_wconf 91' lang='lat' dir='ltr'>It</span> <span class='ocrx_word' id='word_1_262' title='bbox 371 3390 428 3428; x_wconf 86' lang='lat' dir='ltr'>was</span> <span class='ocrx_word' id='word_1_263' title='bbox 442 3391 459 3428; x_wconf 87' lang='lat' dir='ltr'>a</span> <span class='ocrx_word' id='word_1_264' title='bbox 472 3373 602 3444; x_wconf 87' lang='lat' dir='ltr'>question</span> <span class='ocrx_word' id='word_1_265' title='bbox 616 3391 722 3445; x_wconf 89' lang='lat' dir='ltr'>among</span> <span class='ocrx_word' id='word_1_266' title='bbox 734 3375 782 3430; x_wconf 90' lang='lat' dir='ltr'>the</span> <span class='ocrx_word' id='word_1_267' title='bbox 791 3374 889 3446; x_wconf 89' lang='lat' dir='ltr'>jurists</span> <span class='ocrx_word' id='word_1_268' title='bbox 902 3376 1027 3431; x_wconf 90' lang='lat' dir='ltr'>whether</span> <span class='ocrx_word' id='word_1_269' title='bbox 1040 3374 1178 3431; x_wconf 88' lang='lat' dir='ltr'>habitatio</span> <span class='ocrx_word' id='word_1_270' title='bbox 1191 3376 1248 3430; x_wconf 87' lang='lat' dir='ltr'>and</span> <span class='ocrx_word' id='word_1_271' title='bbox 1263 3393 1368 3446; x_wconf 85' lang='lat' dir='ltr'>operae</span> 
     </span>
     <span class='ocr_line' id='line_1_31' title="bbox 216 3456 1366 3529; baseline 0.003 -17"><span class='ocrx_word' id='word_1_272' title='bbox 216 3474 361 3513; x_wconf 89' lang='lat' dir='ltr'>servorum</span> <span class='ocrx_word' id='word_1_273' title='bbox 380 3456 440 3512; x_wconf 89' lang='lat' dir='ltr'>sive</span> <span class='ocrx_word' id='word_1_274' title='bbox 458 3457 622 3511; x_wconf 89' lang='lat' dir='ltr'>animalium</span> <span class='ocrx_word' id='word_1_275' title='bbox 637 3476 709 3513; x_wconf 88' lang='lat' dir='ltr'>were</span> <span class='ocrx_word' id='word_1_276' title='bbox 727 3458 842 3513; x_wconf 88' lang='lat' dir='ltr'>distinct</span> <span class='ocrx_word' id='word_1_277' title='bbox 861 3458 951 3529; x_wconf 89' lang='lat' dir='ltr'>rights</span> <span class='ocrx_word' id='word_1_278' title='bbox 969 3460 1042 3513; x_wconf 82' lang='lat' dir='ltr'>from</span> <span class='ocrx_word' id='word_1_279' title='bbox 1061 3476 1128 3513; x_wconf 91' lang='lat' dir='ltr'>usus</span> <span class='ocrx_word' id='word_1_280' title='bbox 1147 3459 1205 3514; x_wconf 90' lang='lat' dir='ltr'>and</span> <span class='ocrx_word' id='word_1_281' title='bbox 1224 3460 1366 3515; x_wconf 83' lang='lat' dir='ltr'>usufruct:</span> 
     </span>
     <span class='ocr_line' id='line_1_32' title="bbox 217 3540 1368 3612; baseline 0.003 -16"><span class='ocrx_word' id='word_1_282' title='bbox 217 3540 318 3611; x_wconf 90' lang='lat' dir='ltr'>‘operis</span> <span class='ocrx_word' id='word_1_283' title='bbox 328 3540 400 3595; x_wconf 85' lang='lat' dir='ltr'>servi</span> <span class='ocrx_word' id='word_1_284' title='bbox 409 3540 509 3610; x_wconf 87' lang='lat' dir='ltr'>legatis</span> <span class='ocrx_word' id='word_1_285' title='bbox 518 3558 601 3595; x_wconf 89' lang='lat' dir='ltr'>usum</span> <span class='ocrx_word' id='word_1_286' title='bbox 609 3541 707 3596; x_wconf 87' lang='lat' dir='ltr'>datum</span> <span class='ocrx_word' id='word_1_287' title='bbox 716 3541 839 3611; x_wconf 86' lang='lat' dir='ltr'>intellegi</span> <span class='ocrx_word' id='word_1_288' title='bbox 848 3552 875 3597; x_wconf 91' lang='lat' dir='ltr'>et</span> <span class='ocrx_word' id='word_1_289' title='bbox 884 3558 938 3612; x_wconf 87' lang='lat' dir='ltr'>ego</span> <span class='ocrx_word' id='word_1_290' title='bbox 946 3542 1032 3596; x_wconf 92' lang='lat' dir='ltr'>didici</span> <span class='ocrx_word' id='word_1_291' title='bbox 1041 3552 1070 3598; x_wconf 92' lang='lat' dir='ltr'>et</span> <span class='ocrx_word' id='word_1_292' title='bbox 1081 3542 1206 3598; x_wconf 87' lang='lat' dir='ltr'>lulianus</span> <span class='ocrx_word' id='word_1_293' title='bbox 1214 3542 1368 3599; x_wconf 88' lang='lat' dir='ltr'>existimat&#39;</span> 
     </span>
     <span class='ocr_line' id='line_1_33' title="bbox 218 3623 1367 3695; baseline 0.003 -17"><span class='ocrx_word' id='word_1_294' title='bbox 218 3625 351 3679; x_wconf 90' lang='lat' dir='ltr'>Clemens</span> <span class='ocrx_word' id='word_1_295' title='bbox 370 3623 399 3679; x_wconf 92' lang='lat' dir='ltr'>in</span> <span class='ocrx_word' id='word_1_296' title='bbox 419 3624 486 3693; x_wconf 88' lang='lat' dir='ltr'>Dig.</span> <span class='ocrx_word' id='word_1_297' title='bbox 499 3637 522 3690; x_wconf 91' lang='lat'>7.</span> <span class='ocrx_word' id='word_1_298' title='bbox 537 3638 562 3691; x_wconf 94' lang='lat'>7.</span> <span class='ocrx_word' id='word_1_299' title='bbox 578 3637 591 3694; x_wconf 80' lang='grc'>5</span> <span class='ocrx_word' id='word_1_300' title='bbox 606 3643 612 3692; x_wconf 91' lang='grc'><strong>;</strong></span> <span class='ocrx_word' id='word_1_301' title='bbox 631 3625 674 3679; x_wconf 84' lang='lat' dir='ltr'>ior</span> <span class='ocrx_word' id='word_1_302' title='bbox 686 3626 735 3680; x_wconf 91' lang='lat' dir='ltr'>the</span> <span class='ocrx_word' id='word_1_303' title='bbox 747 3625 877 3682; x_wconf 83' lang='lat' dir='ltr'>different</span> <span class='ocrx_word' id='word_1_304' title='bbox 890 3626 976 3681; x_wconf 87' lang='lat' dir='ltr'>views</span> <span class='ocrx_word' id='word_1_305' title='bbox 993 3624 1154 3695; x_wconf 89' lang='lat' dir='ltr'>respecting</span> <span class='ocrx_word' id='word_1_306' title='bbox 1166 3625 1305 3680; x_wconf 83' lang='lat' dir='ltr'>habitatio</span> <span class='ocrx_word' id='word_1_307' title='bbox 1319 3644 1367 3682; x_wconf 90' lang='lat' dir='ltr'>see</span> 
     </span>
     <span class='ocr_line' id='line_1_34' title="bbox 218 3707 1368 3779; baseline 0.003 -16"><span class='ocrx_word' id='word_1_308' title='bbox 218 3708 325 3777; x_wconf 86' lang='lat' dir='ltr'>Ulpian</span> <span class='ocrx_word' id='word_1_309' title='bbox 338 3707 367 3762; x_wconf 88' lang='lat' dir='ltr'>in</span> <span class='ocrx_word' id='word_1_310' title='bbox 382 3707 448 3777; x_wconf 90' lang='lat' dir='ltr'>Dig.</span> <span class='ocrx_word' id='word_1_311' title='bbox 467 3721 492 3774; x_wconf 93' lang='lat'>7.</span> <span class='ocrx_word' id='word_1_312' title='bbox 507 3709 530 3762; x_wconf 93' lang='lat'>8.</span> <span class='ocrx_word' id='word_1_313' title='bbox 549 3722 588 3777; x_wconf 91' lang='lat' dir='ltr'>ro,</span> <span class='ocrx_word' id='word_1_314' title='bbox 603 3709 661 3763; x_wconf 90' lang='lat' dir='ltr'>and</span> <span class='ocrx_word' id='word_1_315' title='bbox 676 3709 744 3765; x_wconf 86' lang='lat' dir='ltr'>Cod.</span> <span class='ocrx_word' id='word_1_316' title='bbox 756 3723 799 3778; x_wconf 86' lang='lat'>33.</span> <span class='ocrx_word' id='word_1_317' title='bbox 810 3725 834 3778; x_wconf 78' lang='lat'>3.</span> <span class='ocrx_word' id='word_1_318' title='bbox 849 3724 888 3777; x_wconf 88' lang='lat'>13.</span> <span class='ocrx_word' id='word_1_319' title='bbox 936 3709 1048 3779; x_wconf 81' lang='lat' dir='ltr'>Finally</span> <span class='ocrx_word' id='word_1_320' title='bbox 1062 3710 1111 3764; x_wconf 90' lang='lat' dir='ltr'>the</span> <span class='ocrx_word' id='word_1_321' title='bbox 1130 3708 1294 3764; x_wconf 90' lang='lat' dir='ltr'>distinction</span> <span class='ocrx_word' id='word_1_322' title='bbox 1310 3728 1368 3766; x_wconf 89' lang='lat' dir='ltr'>was</span> 
     </span>
     <span class='ocr_line' id='line_1_35' title="bbox 217 3791 1368 3864; baseline 0.002 -17"><span class='ocrx_word' id='word_1_323' title='bbox 217 3791 377 3858; x_wconf 87' lang='lat' dir='ltr'>admitted;</span> <span class='ocrx_word' id='word_1_324' title='bbox 398 3793 447 3846; x_wconf 92' lang='lat' dir='ltr'>the</span> <span class='ocrx_word' id='word_1_325' title='bbox 463 3791 558 3863; x_wconf 90' lang='lat' dir='ltr'>points</span> <span class='ocrx_word' id='word_1_326' title='bbox 576 3792 608 3846; x_wconf 81' lang='lat' dir='ltr'>oi</span> <span class='ocrx_word' id='word_1_327' title='bbox 623 3791 775 3848; x_wconf 82' lang='lat' dir='ltr'>difference</span> <span class='ocrx_word' id='word_1_328' title='bbox 788 3793 915 3849; x_wconf 90' lang='lat' dir='ltr'>between</span> <span class='ocrx_word' id='word_1_329' title='bbox 934 3794 1015 3848; x_wconf 92' lang='lat' dir='ltr'>these</span> <span class='ocrx_word' id='word_1_330' title='bbox 1033 3803 1089 3848; x_wconf 92' lang='lat' dir='ltr'>two</span> <span class='ocrx_word' id='word_1_331' title='bbox 1107 3793 1197 3863; x_wconf 88' lang='lat' dir='ltr'>rights</span> <span class='ocrx_word' id='word_1_332' title='bbox 1215 3795 1272 3848; x_wconf 90' lang='lat' dir='ltr'>and</span> <span class='ocrx_word' id='word_1_333' title='bbox 1291 3810 1368 3864; x_wconf 90' lang='lat' dir='ltr'>usus,</span> 
     </span>
     <span class='ocr_line' id='line_1_36' title="bbox 217 3874 1368 3945; baseline 0.004 -17"><span class='ocrx_word' id='word_1_334' title='bbox 217 3874 308 3929; x_wconf 88' lang='lat' dir='ltr'>which</span> <span class='ocrx_word' id='word_1_335' title='bbox 328 3876 396 3944; x_wconf 88' lang='lat' dir='ltr'>they</span> <span class='ocrx_word' id='word_1_336' title='bbox 408 3886 483 3931; x_wconf 86' lang='lat' dir='ltr'>most</span> <span class='ocrx_word' id='word_1_337' title='bbox 501 3876 649 3944; x_wconf 89' lang='lat' dir='ltr'>resemble,</span> <span class='ocrx_word' id='word_1_338' title='bbox 667 3876 753 3945; x_wconf 85' lang='lat' dir='ltr'>being</span> <span class='ocrx_word' id='word_1_339' title='bbox 771 3877 833 3932; x_wconf 90' lang='lat' dir='ltr'>that</span> <span class='ocrx_word' id='word_1_340' title='bbox 852 3877 1017 3932; x_wconf 90' lang='lat' dir='ltr'>mentioned</span> <span class='ocrx_word' id='word_1_341' title='bbox 1036 3877 1064 3931; x_wconf 91' lang='lat' dir='ltr'>in</span> <span class='ocrx_word' id='word_1_342' title='bbox 1083 3878 1131 3932; x_wconf 88' lang='lat' dir='ltr'>the</span> <span class='ocrx_word' id='word_1_343' title='bbox 1150 3887 1216 3945; x_wconf 89' lang='lat' dir='ltr'>text,</span> <span class='ocrx_word' id='word_1_344' title='bbox 1229 3877 1288 3932; x_wconf 88' lang='lat' dir='ltr'>and</span> <span class='ocrx_word' id='word_1_345' title='bbox 1306 3879 1368 3934; x_wconf 88' lang='lat' dir='ltr'>that</span> 
     </span>
     <span class='ocr_line' id='line_1_37' title="bbox 217 3958 1367 4031; baseline 0.003 -19"><span class='ocrx_word' id='word_1_346' title='bbox 217 3960 285 4028; x_wconf 88' lang='lat' dir='ltr'>they</span> <span class='ocrx_word' id='word_1_347' title='bbox 298 3975 369 4013; x_wconf 90' lang='lat' dir='ltr'>were</span> <span class='ocrx_word' id='word_1_348' title='bbox 387 3968 437 4013; x_wconf 94' lang='lat' dir='ltr'>not</span> <span class='ocrx_word' id='word_1_349' title='bbox 455 3958 653 4028; x_wconf 87' lang='lat' dir='ltr'>extinguished</span> <span class='ocrx_word' id='word_1_350' title='bbox 668 3959 707 4029; x_wconf 87' lang='lat' dir='ltr'>by</span> <span class='ocrx_word' id='word_1_351' title='bbox 719 3976 855 4016; x_wconf 90' lang='lat' dir='ltr'>non-user</span> <span class='ocrx_word' id='word_1_352' title='bbox 873 3978 905 4016; x_wconf 89' lang='lat' dir='ltr'>or</span> <span class='ocrx_word' id='word_1_353' title='bbox 924 3960 1024 4031; x_wconf 89' lang='lat' dir='ltr'>capitis</span> <span class='ocrx_word' id='word_1_354' title='bbox 1044 3959 1209 4029; x_wconf 87' lang='lat' dir='ltr'>deminutio,</span> <span class='ocrx_word' id='word_1_355' title='bbox 1223 3961 1288 4031; x_wconf 86' lang='lat' dir='ltr'>Dig.</span> <span class='ocrx_word' id='word_1_356' title='bbox 1304 3975 1327 4028; x_wconf 94' lang='lat'>7.</span> <span class='ocrx_word' id='word_1_357' title='bbox 1342 3962 1367 4016; x_wconf 92' lang='lat'>8.</span> 
     </span>
     <span class='ocr_line' id='line_1_38' title="bbox 221 4057 316 4111; baseline 0.011 -16"><span class='ocrx_word' id='word_1_358' title='bbox 221 4057 261 4097; x_wconf 89' lang='lat' dir='ltr'>ro.</span> <span class='ocrx_word' id='word_1_359' title='bbox 274 4059 316 4111; x_wconf 93' lang='lat' dir='ltr'>pr.</span> 
     </span>
    </p>

    <p class='ocr_par' dir='ltr' id='par_1_10' title="bbox 219 4124 1368 4265">
     <span class='ocr_line' id='line_1_39' title="bbox 254 4124 1368 4184; baseline 0.004 -5"><span class='ocrx_word' id='word_1_360' title='bbox 254 4126 311 4179; x_wconf 81' lang='lat' dir='ltr'>For</span> <span class='ocrx_word' id='word_1_361' title='bbox 323 4126 371 4181; x_wconf 94' lang='lat' dir='ltr'>the</span> <span class='ocrx_word' id='word_1_362' title='bbox 385 4126 464 4181; x_wconf 90' lang='lat' dir='ltr'>three</span> <span class='ocrx_word' id='word_1_363' title='bbox 477 4125 538 4181; x_wconf 90' lang='lat' dir='ltr'>iura</span> <span class='ocrx_word' id='word_1_364' title='bbox 550 4124 578 4180; x_wconf 90' lang='lat' dir='ltr'>in</span> <span class='ocrx_word' id='word_1_365' title='bbox 591 4144 622 4182; x_wconf 89' lang='lat' dir='ltr'>re</span> <span class='ocrx_word' id='word_1_366' title='bbox 635 4126 728 4182; x_wconf 87' lang='lat' dir='ltr'>aliena</span> <span class='ocrx_word' id='word_1_367' title='bbox 740 4127 831 4182; x_wconf 90' lang='lat' dir='ltr'>which</span> <span class='ocrx_word' id='word_1_368' title='bbox 845 4144 917 4184; x_wconf 88' lang='lat' dir='ltr'>were</span> <span class='ocrx_word' id='word_1_369' title='bbox 930 4138 980 4183; x_wconf 91' lang='lat' dir='ltr'>not</span> <span class='ocrx_word' id='word_1_370' title='bbox 993 4127 1150 4184; x_wconf 89' lang='lat' dir='ltr'>servitudes</span> <span class='ocrx_word' id='word_1_371' title='bbox 1163 4144 1211 4184; x_wconf 89' lang='lat' dir='ltr'>see</span> <span class='ocrx_word' id='word_1_372' title='bbox 1224 4129 1368 4183; x_wconf 88' lang='lat' dir='ltr'>Excursus</span> 
     </span>
     <span class='ocr_line' id='line_1_40' title="bbox 219 4209 635 4265; baseline 0.005 -3"><span class='ocrx_word' id='word_1_373' title='bbox 219 4210 248 4262; x_wconf 94' lang='lat'>11</span> <span class='ocrx_word' id='word_1_374' title='bbox 263 4219 292 4263; x_wconf 90' lang='lat' dir='ltr'>at</span> <span class='ocrx_word' id='word_1_375' title='bbox 305 4210 354 4264; x_wconf 92' lang='lat' dir='ltr'>the</span> <span class='ocrx_word' id='word_1_376' title='bbox 366 4209 423 4263; x_wconf 91' lang='lat' dir='ltr'>end</span> <span class='ocrx_word' id='word_1_377' title='bbox 436 4209 468 4263; x_wconf 84' lang='lat' dir='ltr'>of</span> <span class='ocrx_word' id='word_1_378' title='bbox 476 4209 533 4264; x_wconf 92' lang='lat' dir='ltr'>this</span> <span class='ocrx_word' id='word_1_379' title='bbox 547 4210 635 4265; x_wconf 91' lang='lat' dir='ltr'>Book.</span> 
     </span>
    </p>

    <p class='ocr_par' dir='ltr' id='par_1_11' title="bbox 217 4288 1369 4533">
     <span class='ocr_line' id='line_1_41' title="bbox 254 4288 1368 4369; baseline 0.003 -23"><span class='ocrx_word' id='word_1_380' title='bbox 254 4288 268 4361; x_wconf 74' lang='grc' dir='ltr'><strong>ξ</strong></span> <span class='ocrx_word' id='word_1_381' title='bbox 283 4296 311 4346; x_wconf 84' lang='lat'>8.</span> <span class='ocrx_word' id='word_1_382' title='bbox 332 4292 447 4361; x_wconf 83' lang='lat' dir='ltr'>Having</span> <span class='ocrx_word' id='word_1_383' title='bbox 460 4292 609 4348; x_wconf 90' lang='lat' dir='ltr'>described</span> <span class='ocrx_word' id='word_1_384' title='bbox 622 4294 670 4348; x_wconf 90' lang='lat' dir='ltr'>the</span> <span class='ocrx_word' id='word_1_385' title='bbox 683 4295 794 4349; x_wconf 86' lang='lat' dir='ltr'>natural</span> <span class='ocrx_word' id='word_1_386' title='bbox 807 4295 907 4349; x_wconf 87' lang='lat' dir='ltr'>modes</span> <span class='ocrx_word' id='word_1_387' title='bbox 921 4294 954 4350; x_wconf 82' lang='lat' dir='ltr'>of</span> <span class='ocrx_word' id='word_1_388' title='bbox 962 4294 1109 4366; x_wconf 88' lang='lat' dir='ltr'>acquiring</span> <span class='ocrx_word' id='word_1_389' title='bbox 1121 4312 1166 4349; x_wconf 90' lang='lat' dir='ltr'>res</span> <span class='ocrx_word' id='word_1_390' title='bbox 1185 4294 1368 4369; x_wconf 80' lang='lat' dir='ltr'>(corporales)</span> 
     </span>
     <span class='ocr_line' id='line_1_42' title="bbox 218 4373 1368 4448; baseline 0.003 -20"><span class='ocrx_word' id='word_1_391' title='bbox 218 4373 346 4443; x_wconf 88' lang='lat' dir='ltr'>singulae</span> <span class='ocrx_word' id='word_1_392' title='bbox 359 4374 388 4430; x_wconf 94' lang='lat' dir='ltr'>in</span> <span class='ocrx_word' id='word_1_393' title='bbox 402 4375 456 4431; x_wconf 91' lang='lat' dir='ltr'>Tit.</span> <span class='ocrx_word' id='word_1_394' title='bbox 474 4392 484 4429; x_wconf 90' lang='lat' dir='ltr'>r</span> <span class='ocrx_word' id='word_1_395' title='bbox 499 4376 641 4446; x_wconf 87' lang='lat' dir='ltr'>Justinian</span> <span class='ocrx_word' id='word_1_396' title='bbox 658 4378 740 4433; x_wconf 88' lang='lat' dir='ltr'>takes</span> <span class='ocrx_word' id='word_1_397' title='bbox 757 4379 899 4448; x_wconf 90' lang='lat' dir='ltr'>occasion,</span> <span class='ocrx_word' id='word_1_398' title='bbox 913 4379 985 4434; x_wconf 83' lang='lat' dir='ltr'>aiter</span> <span class='ocrx_word' id='word_1_399' title='bbox 1003 4378 1130 4448; x_wconf 87' lang='lat' dir='ltr'>drawing</span> <span class='ocrx_word' id='word_1_400' title='bbox 1142 4380 1190 4433; x_wconf 92' lang='lat' dir='ltr'>the</span> <span class='ocrx_word' id='word_1_401' title='bbox 1203 4377 1368 4433; x_wconf 89' lang='lat' dir='ltr'>distinction</span> 
     </span>
     <span class='ocr_line' id='line_1_43' title="bbox 217 4457 1369 4533; baseline 0.004 -21"><span class='ocrx_word' id='word_1_402' title='bbox 217 4457 345 4513; x_wconf 89' lang='lat' dir='ltr'>between</span> <span class='ocrx_word' id='word_1_403' title='bbox 363 4458 459 4529; x_wconf 89' lang='lat' dir='ltr'>things</span> <span class='ocrx_word' id='word_1_404' title='bbox 477 4461 623 4531; x_wconf 89' lang='lat' dir='ltr'>corporeal</span> <span class='ocrx_word' id='word_1_405' title='bbox 644 4462 701 4517; x_wconf 88' lang='lat' dir='ltr'>and</span> <span class='ocrx_word' id='word_1_406' title='bbox 721 4461 897 4533; x_wconf 87' lang='lat' dir='ltr'>incorporeal</span> <span class='ocrx_word' id='word_1_407' title='bbox 913 4463 942 4517; x_wconf 92' lang='lat' dir='ltr'>in</span> <span class='ocrx_word' id='word_1_408' title='bbox 955 4461 1011 4518; x_wconf 88' lang='lat' dir='ltr'>Tit.</span> <span class='ocrx_word' id='word_1_409' title='bbox 1033 4476 1058 4532; x_wconf 88' lang='lat'>2,</span> <span class='ocrx_word' id='word_1_410' title='bbox 1075 4472 1105 4518; x_wconf 88' lang='lat' dir='ltr'>to</span> <span class='ocrx_word' id='word_1_411' title='bbox 1127 4461 1238 4517; x_wconf 90' lang='lat' dir='ltr'>discuss</span> <span class='ocrx_word' id='word_1_412' title='bbox 1260 4478 1297 4517; x_wconf 85' lang='lat' dir='ltr'>an</span> <span class='ocrx_word' id='word_1_413' title='bbox 1317 4460 1369 4517; x_wconf 88' lang='lat' dir='ltr'>irn-</span> 
     </span>
    </p>
   </div>
   <div class='ocr_carea' id='block_1_4' title="bbox 0 0 1501 5048">
    <p class='ocr_par' dir='ltr' id='par_1_12' title="bbox 0 0 1501 5048">
     <span class='ocr_line' id='line_1_44' title="bbox 0 0 1501 5048; baseline 0 0"><span class='ocrx_word' id='word_1_414' title='bbox 0 0 1501 5048; x_wconf 95' lang='lat' dir='ltr'> </span> 
     </span>
    </p>
   </div>
  </div>
 </body>
</html>
