2986 5048
233 368 299 448 406
436 376 511 431 INS
513 374 586 431 TIT
588 374 642 431 UT
642 373 788 430 IONUM
802 373 922 428 LIBRI
941 370 1177 446 QUATTUOR.
1266 372 1394 439 [unul.

190 544 222 598 16
237 539 344 619 rieris,'
365 549 398 605 et
421 540 510 624 apud
533 548 661 605 veteres
684 538 772 603 utilis
795 547 866 603 erat
889 548 923 603 et
949 558 1035 603 nunc
1056 537 1155 602 valet.
1201 537 1290 602 Item
1312 545 1393 620 post

191 652 224 703 17
239 655 378 709 mortem
408 644 541 708 alterius
579 653 667 708 recte
702 641 905 725 stipulamur.
968 640 1004 705 Si
1036 643 1194 726 scriptum
1224 640 1323 705 suerit
1358 641 1393 704 in

237 750 455 814 instrumento
486 748 676 830 promisisse
706 746 861 828 aliquem,
893 746 1030 828 perinde
1060 746 1209 826 habetur,
1237 755 1341 828 atque
1365 746 1392 808 si

191 862 224 915 18
239 852 493 934 interrogatione
517 851 736 933 praecedente
764 870 956 933 responsum
983 851 1034 914 sit.
1091 849 1254 932 Quotiens
1279 849 1395 932 plures

238 978 290 1023 res
318 977 383 1020 una
406 956 618 1038 stipulatione
646 955 976 1038 comprehenduntur,
999 955 1026 1019 si
1052 956 1189 1038 quidem
1212 955 1395 1037 promissor

238 1061 430 1143 simpliciter
445 1062 643 1144 respondeat
660 1059 757 1122 ‘dare
772 1056 941 1142 spondeo,'
956 1068 1091 1143 propter
1106 1079 1223 1123 omnes
1240 1067 1394 1122 tenetur:

238 1167 265 1229 si
289 1186 368 1229 vero
392 1186 490 1228 unam
514 1186 558 1228 ex
584 1166 636 1227 his
660 1164 711 1227 vel
736 1164 897 1246 quasdam
923 1165 1079 1228 daturum
1107 1184 1143 1227 se
1166 1163 1395 1246 spoponderit,

239 1270 400 1353 obligatio
431 1272 464 1333 in
493 1269 545 1333 his
576 1289 635 1351 pro
666 1267 786 1349 quibus
822 1269 1038 1350 spoponderit
1073 1268 1286 1332 contrahitur.
1348 1288 1395 1331 ex

239 1375 387 1459 pluribus
405 1376 494 1439 enirn
515 1372 782 1456 stipulationibus
802 1392 869 1435 una
888 1372 940 1435 vel
965 1374 1130 1454 quaedam
1148 1374 1304 1437 videntur
1321 1392 1395 1436 esse

240 1478 424 1561 perfectae:
457 1477 603 1559 singulas
633 1475 721 1539 enim
752 1494 803 1538 res
839 1476 989 1557 stipulari
1025 1487 1059 1541 et
1088 1477 1132 1540 ad
1166 1476 1313 1559 singulas
1343 1496 1394 1539 re-

194 1595 228 1649 19
242 1582 403 1665 spondere
430 1581 600 1644 debemus.
655 1576 764 1641 Alteri
795 1577 953 1659 stipulari,
984 1589 1021 1643 ut
1051 1599 1151 1662 supra
1181 1579 1308 1642 dictum
1335 1588 1394 1657 est,

242 1707 340 1750 nemo
363 1694 491 1767 potest:
516 1685 668 1746 inventae
691 1691 768 1744 sunt
792 1681 879 1744 enim
901 1680 1089 1746 huiusmodi
1111 1682 1330 1765 obligationes
1351 1682 1396 1745 ad

242 1790 313 1866 hoc,
329 1798 365 1852 ut
382 1788 604 1869 unusquisque
620 1785 682 1849 sibi
702 1785 854 1867 adquirat
875 1786 965 1866 quod
987 1807 1046 1851 sua
1068 1787 1222 1851 interest:
1247 1797 1395 1851 ceterum

243 1895 271 1957 si
296 1893 352 1956 alii
378 1894 484 1966 detur,
513 1890 592 1953 nihil
619 1891 755 1953 interest
782 1888 994 1971 stipulatoris
1040 1890 1138 1972 plane
1165 1893 1191 1954 si
1216 1891 1291 1973 quis
1315 1890 1397 1954 velit

242 1998 305 2062 hoc
336 1998 451 2075 iacere,
477 2015 619 2079 poenam
647 1994 796 2076 stipulari
827 1996 1009 2073 conveniet,
1034 2005 1080 2070 ut,
1106 1996 1168 2058 nisi
1195 1997 1242 2060 ita
1269 1994 1396 2060 sactum

243 2103 296 2177 sit,
323 2112 360 2164 ut
387 2100 662 2183 comprehensum
693 2107 788 2175 esset,
818 2099 1045 2163 committetur
1067 2120 1195 2183 poenae
1224 2098 1397 2183 stipulatio

245 2207 347 2270 etiam
371 2204 401 2267 ei
427 2204 519 2268 cuius
542 2202 621 2265 nihil
646 2203 801 2265 interest:
833 2222 973 2285 poenam
998 2203 1085 2265 enim
1113 2224 1187 2268 cum
1218 2202 1399 2286 stipulatur

245 2310 327 2390 quis,
360 2328 426 2370 non
457 2306 538 2369 illud
569 2307 747 2388 inspicitur,
778 2306 857 2387 quid
887 2307 1016 2372 intersit
1046 2308 1125 2386 eius,
1149 2309 1208 2372 sed
1240 2329 1328 2390 quae
1354 2309 1399 2372 sit

244 2412 413 2494 quantitas
434 2412 466 2474 in
485 2411 678 2475 condicione
702 2410 932 2492 stipulationis.
977 2432 1056 2494 ergo
1078 2413 1106 2474 si
1125 2414 1198 2494 quis
1221 2413 1399 2495 stipuletur

245 2517 336 2581 Titio
354 2516 434 2591 dari,
457 2514 537 2578 nihil
557 2515 636 2597 agit,
656 2515 714 2578 sed
737 2514 764 2577 si
787 2515 954 2578 addiderit
975 2515 1017 2578 de
1037 2536 1143 2597 poena
1161 2517 1240 2579 ‘nisi
1259 2516 1398 2596 dederis,

198 2643 233 2696 20
246 2632 297 2686 tot
317 2641 435 2684 aureos
452 2622 531 2683 dare
547 2615 732 2700 spondes?’
756 2628 833 2681 tunc
854 2618 1073 2682 committitur
1093 2620 1271 2703 stipulatio.
1329 2618 1399 2686 Sed

246 2737 280 2791 et
301 2726 327 2790 si
353 2727 425 2807 quis
449 2724 625 2807 stipuletur
644 2724 708 2797 alii,
734 2743 809 2787 curn
837 2724 905 2786 eius
932 2724 1113 2799 interesset,
1138 2726 1263 2807 placuit
1290 2727 1396 2808 stipu-

247 2831 405 2895 lationem
423 2829 542 2892 valere.
588 2849 666 2891 nam
689 2828 715 2889 si
738 2828 773 2905 is,
791 2827 847 2908 qui
869 2828 984 2910 pupilli
1007 2830 1147 2892 tutelam
1169 2830 1400 2893 administrare

247 2943 410 3016 coeperat,
428 2933 526 2997 cessit
541 2932 827 2995 administratione
843 2933 1007 2994 contutori
1028 2953 1088 2994 suo
1104 2943 1138 2996 et
1156 2932 1333 3016 stipulatus
1348 2942 1401 2996 est

248 3060 317 3103 rem
344 3037 459 3122 pupilli
487 3037 613 3101 salvam
644 3035 721 3113 sore,
752 3036 907 3116 quoniam
936 3036 1071 3099 interest
1098 3036 1303 3118 stipulatoris
1330 3037 1400 3101 fieri

248 3144 337 3224 quod
364 3141 542 3224 stipulatus
566 3150 625 3218 est,
650 3160 726 3202 cum
751 3139 917 3219 obligatus
943 3140 1071 3203 iuturus
1093 3150 1180 3204 esset
1206 3141 1344 3224 pupilio,
1371 3143 1400 3204 si

249 3245 335 3309 male
360 3266 410 3309 res
435 3243 582 3328 gesserit,
610 3252 704 3307 tenet
733 3242 902 3325 obligatio,
951 3263 1030 3325 ergo
1056 3255 1090 3307 et
1120 3246 1147 3309 si
1177 3246 1251 3326 quis
1281 3265 1400 3328 procu-

250 3495 282 3549 oi
292 3495 338 3549 the
352 3493 625 3548 unreasonableness
638 3492 671 3546 oi
680 3492 728 3546 the
741 3490 914 3560 distinction,
924 3492 957 3546 of
963 3493 1054 3546 which
1067 3494 1104 3548 he
1117 3510 1183 3563 says
1194 3496 1263 3548 ‘non
1278 3495 1402 3565 pretiosa

250 3579 358 3634 ratione
371 3586 516 3647 receptum
530 3577 654 3630 videtur'
667 3575 695 3631 ii.
708 3591 723 3629 2
726 3591 768 3644 32·

285 3663 300 3729 ᾧ
314 3664 358 3716 16.
377 3663 404 3715 Α
416 3660 579 3730 stipulation
593 3661 635 3713 for
648 3660 843 3729 performance
856 3659 928 3714 atter
939 3660 988 3715 the
1002 3660 1087 3716 death
1102 3661 1134 3715 oi
1142 3679 1160 3716 a
1172 3660 1248 3716 third
1261 3678 1364 3731 person
1378 3662 1403 3717 is

250 3746 356 3814 merely
368 3762 402 3799 ex
415 3744 470 3812 die,
483 3744 527 3797 sor
539 3742 631 3797 which
644 3760 692 3798 see
706 3760 742 3796 on
756 3743 812 3797 Tit.
829 3756 868 3811 15.
884 3759 898 3797 2
913 3760 987 3813 supr.

286 3831 301 3897 ᾗ
316 3833 360 3885 17.
379 3827 448 3881 This
467 3828 527 3881 rule
546 3827 569 3880 is
589 3827 674 3881 taken
687 3826 760 3881 from
775 3828 886 3895 Paulus,
901 3838 971 3881 sent.
985 3844 1039 3882 rec.
1056 3840 1078 3896 5.
1094 3840 1118 3894 7.
1133 3842 1147 3881 2
1161 3846 1167 3882 :
1186 3844 1220 3882 so
1232 3838 1281 3882 too
1295 3829 1403 3899 Ulpian

250 3930 316 3981 says
330 3911 423 3982 ‘quod
436 3912 494 3965 fere
510 3910 667 3964 novissima
682 3920 762 3979 parte
779 3920 926 3979 pactorum
940 3910 979 3965 ita
994 3911 1088 3979 inseri,
1102 3911 1210 3980 rogavit
1225 3911 1325 3978 Titius,
1339 3930 1403 3982 spo·

250 3995 350 4066 pondit
371 3994 509 4061 Maevius,
522 3995 594 4049 haec
607 3994 693 4048 verba
712 4009 769 4048 non
783 4004 892 4047 tantum
913 3994 1052 4064 pactionis
1072 3996 1134 4049 ioco
1152 3994 1338 4065 accipiuntur,
1353 3996 1404 4051 sed

250 4080 336 4136 etiam
356 4076 563 4147 stipulationis:
584 4076 704 4147 ideoque
724 4094 758 4131 ex
776 4076 911 4145 stipulatu
928 4078 1053 4132 nascitur
1066 4078 1149 4146 actio,
1163 4079 1216 4132 nisi
1231 4079 1403 4134 contrarium

251 4161 411 4234 specialiter
423 4160 603 4231 adprobetur,
617 4160 695 4230 quod
712 4176 769 4214 non
783 4159 879 4214 animo
892 4160 1087 4230 stipulantium
1100 4162 1155 4215 hoc
1167 4161 1274 4215 factum
1287 4173 1339 4230 est,
1353 4162 1405 4217 sed

250 4258 361 4301 tantum
380 4242 601 4315 paciscentium’
617 4244 682 4314 Dig.
698 4259 722 4298 2.
740 4258 778 4310 14.
792 4257 817 4310 7.
831 4258 854 4298 2.
894 4245 951 4299 For
969 4246 1017 4299 the
1036 4244 1155 4315 bearing
1173 4245 1230 4314 ott
1248 4260 1278 4299 12
1292 4261 1330 4299 on
1347 4246 1405 4301 this

251 4345 299 4383 see
312 4345 338 4397 p.
353 4330 414 4396 389.

287 4414 359 4478 §lta
381 4413 436 4465 See
449 4428 486 4465 on
501 4409 514 4481 ξ
529 4426 546 4477 4
560 4428 633 4480 supr.

287 4497 301 4564 t
316 4498 365 4550 20.
387 4496 441 4552 See
454 4495 503 4552 the
521 4504 588 4551 note
600 4496 655 4550 last
668 4492 791 4551 referred
804 4504 851 4549 to:
871 4494 928 4549 and
941 4493 983 4550 for
996 4496 1044 4550 the
1057 4494 1176 4566 liability
1188 4494 1222 4551 os
1230 4504 1306 4551 tutor
1317 4495 1406 4552 hono·
