2986 5048
166 345 281 411 'l'it.18.]
400 345 462 401 DE
482 345 749 402 INOFFICJOSO
775 346 802 400 T
799 345 854 402 ES
857 347 884 401 Τ
880 346 1040 403 ΑΜΕΝΤ
1039 348 1074 405 0.
1250 341 1313 423 269

165 532 267 596 agere
289 511 418 594 possint
440 510 544 586 liberi,
558 511 615 593 qui
639 522 819 592 queruntur
832 523 891 576 aut
911 513 1022 594 inique
1042 535 1078 578 se
1095 513 1315 580 exheredatos

165 625 224 679 aut
249 616 360 696 inique
386 615 590 697 praeteritos,
620 614 683 678 hoc
713 614 830 689 colore,
855 617 949 696 quasi
975 637 1041 680 non
1068 638 1168 682 sanae
1195 620 1315 683 mentis

165 716 306 792 luerunt,
322 737 397 781 cum
424 727 662 782 testamentum
685 718 883 782 ordinarent.
926 720 986 783 sed
1006 719 1069 786 hoc
1095 722 1222 797 dicitur,
1248 743 1314 787 non

165 822 259 902 quasi
283 841 361 885 vere
383 819 523 884 furiosus
544 822 596 895 sit,
620 820 679 886 sed
702 831 790 886 recte
811 823 946 903 quidem
969 822 1046 888 fecit
1067 833 1314 900 testamentum,

166 942 232 987 non
254 932 366 986 autem
392 943 436 985 ex
458 922 564 987 officio
586 925 739 1006 pietatis:
770 945 847 987 nam
870 927 897 988 si
917 946 994 989 vere
1009 925 1149 992 furiosus
1168 938 1227 1003 est,
1243 928 1315 991 nul·

165 1025 236 1090 lum
266 1037 317 1091 est
346 1036 593 1091 testamentum.
641 1027 718 1091 Non
744 1037 875 1093 tantum
900 1037 1013 1094 autem
1043 1030 1153 1094 liberis
1176 1033 1315 1114 permis·

165 1151 240 1195 sum
256 1142 308 1196 est
330 1141 504 1213 parentum
524 1140 761 1197 testamentum
785 1133 1000 1197 inofficiosum
1021 1154 1184 1211 accusare,
1200 1157 1331 1200 verum⁵
1354 1158 1357 1163 ·

167 1237 267 1298 etiam
292 1236 482 1316 parentibus
509 1234 695 1300 liberorum.
741 1257 833 1300 soror
857 1247 970 1301 autem
992 1248 1025 1302 et
1045 1238 1146 1303 irater
1165 1240 1315 1322 turpibus

166 1338 315 1420 personis
335 1339 465 1418 scriptis
487 1337 661 1401 heredibus
684 1360 728 1402 ex
750 1341 848 1404 sacris
867 1342 1155 1406 constitutionibus
1178 1342 1315 1425 praelati

167 1451 264 1505 sunt:
295 1461 361 1505 non
385 1461 462 1522 ergo
485 1453 600 1506 contra
621 1463 737 1507 omnes
760 1444 898 1508 heredes
920 1465 1018 1527 agere
1035 1456 1184 1527 possunt.
1230 1446 1336 1510 ultra·

165 1543 282 1608 iratres
304 1554 337 1608 et
360 1565 485 1609 sorores
508 1546 639 1628 cognati
663 1547 751 1610 nullo
774 1548 875 1610 modo
897 1556 955 1611 aut
977 1567 1077 1630 agere
1097 1531 1236 1630 possunt
1257 1559 1316 1613 aut

165 1657 305 1730 agentes
313 1647 451 1712 vincere.
495 1646 581 1711 Tam
597 1658 708 1712 autem
724 1649 889 1714 naturales
903 1649 1005 1724 liberi,
1018 1671 1118 1732 quarn
1134 1651 1346 1714 secundum2

167 1759 299 1814 nostrae
322 1751 564 1816 constitutionis
582 1753 775 1816 divisionem
798 1753 949 1835 adoptati
972 1754 1019 1817 ita
1043 1754 1179 1817 demum
1204 1755 1247 1818 de
1268 1756 1316 1817 in-

167 1853 313 1917 officioso
328 1864 529 1919 testamento
550 1875 650 1939 agere
670 1868 816 1938 possunt,
831 1857 858 1919 si
878 1856 969 1920 nullo
993 1856 1059 1921 alio
1081 1859 1150 1921 iure
1169 1858 1212 1920 ad
1228 1857 1317 1920 bona

168 1954 313 2020 defuncti
328 1959 438 2020 venire
453 1967 600 2040 possunt.
646 1978 722 2022 narn
742 1961 799 2042 qui
821 1960 886 2023 alio
902 1961 970 2022 iure
984 1962 1120 2025 veniunt
1142 1961 1186 2024 ad
1209 1971 1316 2025 totam

168 2058 387 2123 hereditatem
405 2060 457 2124 vel
474 2072 601 2142 partem
618 2062 697 2141 eius,
713 2063 756 2127 de
772 2063 952 2127 inofficioso
973 2084 1071 2147 agere
1086 2084 1152 2127 non
1168 2074 1316 2144 possunt.

168 2165 314 2246 postumi
326 2184 467 2247 quoque,
478 2167 534 2248 qui
546 2167 636 2230 nullo
647 2168 713 2231 alio
725 2169 793 2264 iure
804 2169 915 2231 venire
924 2178 1074 2250 possunt,
1084 2170 1127 2233 de
1139 2169 1318 2233 inofficioso

169 2400 188 2439 a
200 2384 274 2439 fixed
285 2385 449 2456 proportion
467 2386 500 2441 of
512 2386 557 2441 his
573 2397 713 2456 property.
751 2386 813 2440 The
831 2402 949 2455 persons
968 2395 998 2440 to
1011 2388 1104 2440 whom
1122 2386 1178 2441 this
1197 2387 1271 2457 right
1290 2388 1324 2442 of

170 2466 350 2537 impeaching
362 2485 380 2523 a
394 2469 449 2524 will
467 2487 499 2524 as
518 2469 704 2523 inofficiosum
723 2468 864 2537 belonged
883 2485 931 2523 are
950 2469 1086 2539 specitied
1105 2470 1133 2524 in
1148 2468 1179 2540 §§
1198 2486 1207 2523 1
1223 2470 1280 2525 and
1294 2487 1318 2538 2,

169 2551 227 2605 and
245 2552 294 2606 the
312 2551 531 2608 circumstances
550 2553 639 2607 under
657 2551 749 2606 which
768 2551 788 2605 it
805 2551 888 2606 could
901 2552 937 2606 be
956 2552 1102 2607 exercised
1120 2552 1148 2606 in
1162 2553 1177 2619 ᾧ
1193 2568 1218 2620 3.
1255 2554 1319 2609 The

170 2635 303 2705 querella,
316 2651 348 2689 or
360 2635 454 2691 action
467 2637 510 2690 lor
521 2638 569 2691 the
582 2636 732 2691 rescission
745 2636 779 2690 ol
787 2635 836 2690 the
849 2635 912 2703 will,
925 2635 983 2689 had
995 2644 1025 2689 to
1036 2637 1073 2690 be
1087 2636 1210 2704 brought
1223 2635 1320 2690 within

169 2717 225 2773 five
242 2735 324 2786 years
343 2720 376 2773 ol
389 2720 438 2775 the
456 2721 595 2774 testators
608 2719 746 2774 decease:
765 2719 801 2774 its
820 2718 952 2785 ordinary
969 2717 1051 2772 effect
1071 2735 1128 2772 was
1147 2729 1177 2772 to
1196 2718 1280 2772 avoid
1299 2720 1319 2774 it

170 2800 201 2855 in
212 2812 281 2868 toto,
294 2803 352 2857 and
370 2812 400 2857 to
412 2803 562 2858 substitute
581 2802 743 2858 succession
760 2802 797 2856 ab
817 2801 959 2869 intestato,
973 2801 1040 2870 Dig.
1055 2814 1078 2872 5.
1092 2817 1117 2856 2.
1131 2802 1157 2855 8.
1174 2801 1212 2869 16,
1226 2801 1263 2856 ib.
1280 2817 1320 2870 13,

170 2883 279 2954 though
297 2884 318 2939 lt
337 2884 427 2954 might
444 2885 481 2940 be
500 2885 620 2954 brought
640 2884 750 2954 against
770 2901 824 2938 one
842 2899 874 2937 or
892 2900 972 2937 some
991 2884 1057 2950 only
1076 2884 1109 2937 oi
1123 2886 1231 2939 several
1247 2883 1320 2953 joint

171 2966 255 3035 heirs,
269 2966 298 3021 ln
311 2967 401 3022 which
419 2985 485 3024 case
497 2968 546 3024 the
560 2968 615 3022 will
628 2985 686 3023 was
698 2977 781 3037 upset
794 2967 860 3035 only
873 2966 900 3020 in
915 2976 986 3036 part,
1003 2967 1051 3021 the
1065 2976 1184 3022 testator
1200 2967 1320 3021 remain-

171 3048 221 3118 ing
238 3066 290 3119 pro
308 3061 388 3120 parte
406 3060 533 3119 testatus,
548 3050 614 3120 Dig.
629 3064 652 3122 5.
666 3066 691 3106 2.
708 3065 747 3119 19.
761 3065 801 3116 24
842 3051 899 3103 For
917 3050 965 3102 the
983 3051 1048 3118 plea
1067 3066 1143 3119 upon
1163 3049 1254 3103 which
1272 3051 1321 3106 the

171 3132 226 3187 will
239 3149 296 3188 was
313 3133 434 3188 avoided
453 3134 545 3205 (quasi
563 3151 619 3188 non
636 3151 723 3189 sanae
742 3132 856 3199 mentis)
870 3133 904 3187 cl.
918 3133 979 3186 Val
996 3133 1072 3186 Max.
1086 3147 1111 3199 7.
1124 3133 1148 3187 8.
1166 3148 1188 3201 1,
1202 3136 1320 3202 Seneca,

172 3215 303 3271 clement.
320 3231 340 3270 1.
357 3231 397 3284 14,
412 3216 469 3270 Dio
482 3216 598 3271 Cassius
613 3229 654 3285 59.
671 3232 692 3284 r,
707 3216 797 3284 Pliny,
811 3216 915 3283 Paneg.
930 3228 973 3281 43.

208 3296 259 3370 §t
281 3300 480 3355 Descendants
505 3301 588 3355 could
613 3300 695 3369 bring
712 3300 761 3353 the
783 3299 907 3370 querella
931 3297 1042 3366 against
1066 3299 1115 3353 the
1137 3299 1206 3353 wills
1227 3298 1260 3353 ol
1278 3315 1321 3354 as-

173 3383 311 3438 cendants
327 3383 346 3451 (‘
354 3383 526 3438 exheredant
540 3425 546 3438 .
559 3424 565 3436 .
580 3424 586 3437 .
601 3382 746 3437 omittunt'
765 3382 794 3435 in
814 3398 856 3451 pr.
870 3380 1026 3450 indicating
1044 3381 1229 3451 respectively
1245 3399 1322 3437 exer-

171 3465 264 3535 cising
280 3475 407 3536 potestas
425 3465 483 3520 and
501 3466 538 3520 all
556 3466 638 3520 other
656 3465 836 3531 ascendants,
854 3465 957 3519 female
976 3480 1008 3518 as
1026 3465 1088 3518 well
1109 3481 1141 3518 as
1160 3464 1245 3531 male)
1264 3465 1323 3519 and

172 3547 235 3604 vice
247 3566 337 3618 versa,
350 3549 378 3618 ir,
392 3548 547 3619 supposing
560 3550 608 3603 the
621 3558 739 3602 testator
757 3547 814 3601 had
828 3547 894 3601 died
911 3546 1052 3615 intestate,
1065 3547 1133 3616 they
1145 3547 1238 3601 would
1250 3548 1323 3602 have

172 3631 246 3687 been
267 3632 316 3687 the
336 3631 420 3687 heirs.
456 3634 497 3685 As
519 3642 548 3686 to
569 3632 618 3686 the
640 3631 729 3700 rights
750 3630 783 3683 ol
798 3631 927 3684 brothers
945 3629 1002 3684 and
1023 3629 1120 3684 sisters
1138 3629 1249 3700 against
1268 3640 1323 3684 one

166 3716 301 3783 another,
315 3714 421 3784 Ulpian
440 3714 533 3768 writes
552 3713 699 3767 ‘omnibus
712 3712 788 3767 enim
806 3724 865 3767 tam
885 3712 1049 3782 parentibus
1068 3728 1154 3783 quarn
1173 3712 1268 3767 liberis
1287 3713 1323 3767 de

172 3796 330 3852 inofficioso
348 3797 413 3852 licet
432 3796 593 3866 disputare:
619 3795 731 3865 cognati
751 3795 826 3850 enim
844 3794 949 3865 proprii
968 3794 1015 3864 qui
1035 3804 1100 3848 sunt
1119 3795 1191 3848 ultra
1208 3794 1323 3849 fratrem

174 3879 275 3935 melius
294 3879 419 3935 lacerent
438 3880 461 3933 si
484 3897 515 3934 se
535 3878 693 3949 sumptibus
716 3878 846 3933 inanibus
866 3895 923 3932 non
946 3887 1087 3944 vexarent,
1109 3894 1173 3930 cum
1196 3876 1323 3932 obtinere

175 3979 256 4032 spem
268 3978 325 4015 non
338 3962 491 4016 haberent'
504 3962 570 4031 Dig.
586 3975 608 4031 5.
623 3976 648 4016 2.
665 3977 686 4014 r.
719 3960 905 4015 Constantine
918 3961 1038 4015 enacted
1055 3960 1116 4013 that
1132 3960 1198 4027 only
1211 3960 1323 4029 agnatic

174 4045 304 4101 brothers
321 4044 378 4099 and
393 4044 490 4099 sisters
505 4045 607 4100 should
620 4045 656 4098 be
669 4043 786 4099 entitled
805 4053 835 4097 to
853 4042 936 4112 bring
955 4043 1002 4096 the
1021 4041 1165 4112 querella;
1182 4041 1323 4110 justinian

173 4127 314 4182 extended
334 4125 354 4181 it
372 4136 402 4181 to
420 4127 556 4195 germani,
567 4126 618 4182 but
632 4125 767 4181 excluded
787 4124 896 4191 uterini,
909 4118 966 4177 and
985 4122 1116 4193 repealed
1135 4124 1183 4178 the
1202 4123 1323 4192 require-

174 4219 253 4265 ment
272 4210 306 4263 ol
321 4209 434 4278 agnatic
455 4209 632 4276 connection,
652 4208 722 4263 Cod.
742 4222 765 4275 3.
786 4208 829 4261 28.
850 4220 891 4274 27,
914 4206 1020 4275 though
1042 4205 1097 4259 still
1120 4204 1251 4274 allowing
1275 4206 1323 4261 the

174 4293 269 4348 action
282 4292 349 4361 only
360 4292 453 4346 where
465 4303 561 4362 turpes
573 4308 711 4361 personae
724 4308 796 4345 were
810 4288 951 4360 preferred
966 4290 984 4357 (‘
993 4289 1016 4342 si
1034 4288 1130 4357 scripti
1144 4287 1264 4343 heredes
1283 4288 1323 4345 in·

169 4375 279 4445 ,lamiae
291 4375 336 4429 vel
348 4374 530 4445 turpitudinis
543 4376 586 4430 vel
599 4374 669 4430 levis
682 4384 766 4429 notae
779 4373 891 4427 macula
904 4371 1111 4441 adsparguntur
1120 4370 1147 4438 ¹).

211 4459 268 4527 Π.
288 4458 350 4514 The
363 4458 446 4529 plene
461 4458 612 4528 adoptatus
632 4458 714 4513 alone
731 4457 837 4527 (unless
854 4454 1052 4525 emancipated
1067 4453 1162 4510 belore
1176 4454 1224 4509 the
1238 4463 1324 4510 testa-
