<?xml version="1.0" encoding="UTF-8"?>
<!DOCTYPE html PUBLIC "-//W3C//DTD XHTML 1.0 Transitional//EN"
    "http://www.w3.org/TR/xhtml1/DTD/xhtml1-transitional.dtd">
<html xmlns="http://www.w3.org/1999/xhtml" xml:lang="en" lang="en">
 <head>
  <title>
</title>
<meta http-equiv="Content-Type" content="text/html;charset=utf-8" />
  <meta name='ocr-system' content='tesseract 3.04.00' />
  <meta name='ocr-capabilities' content='ocr_page ocr_carea ocr_par ocr_line ocrx_word'/>
</head>
<body>
  <div class='ocr_page' id='page_1' title='image "./imperatorisiust00goog_0124.png"; bbox 0 0 2986 5048; ppageno 0'>
   <div class='ocr_carea' id='block_1_1' title="bbox 124 346 1359 424">
    <p class='ocr_par' dir='ltr' id='par_1_1' title="bbox 124 346 1359 424">
     <span class='ocr_line' id='line_1_1' title="bbox 124 346 1359 424; baseline 0.002 -18"><span class='ocrx_word' id='word_1_1' title='bbox 124 346 225 416; x_wconf 74' lang='lat' dir='ltr'>rue]</span> <span class='ocrx_word' id='word_1_2' title='bbox 387 349 462 422; x_wconf 76' lang='lat' dir='ltr'>Qui</span> <span class='ocrx_word' id='word_1_3' title='bbox 481 349 544 406; x_wconf 74' lang='lat' dir='ltr'>sn</span> <span class='ocrx_word' id='word_1_4' title='bbox 565 350 720 424; x_wconf 79' lang='lat' dir='ltr'>Qulaus</span> <span class='ocrx_word' id='word_1_5' title='bbox 742 352 899 423; x_wconf 72' lang='lat' dir='ltr'>cnvsrs,</span> <span class='ocrx_word' id='word_1_6' title='bbox 922 351 1012 410; x_wconf 73' lang='lat' dir='ltr'>arc.</span> <span class='ocrx_word' id='word_1_7' title='bbox 1219 365 1278 411; x_wconf 89' lang='lat'>111</span> <span class='ocrx_word' id='word_1_8' title='bbox 1355 400 1359 408; x_wconf 90' lang='lat'>.</span> 
     </span>
    </p>
   </div>
   <div class='ocr_carea' id='block_1_2' title="bbox 123 512 1310 1427">
    <p class='ocr_par' dir='ltr' id='par_1_2' title="bbox 123 512 1310 1427">
     <span class='ocr_line' id='line_1_2' title="bbox 124 512 1280 591; baseline 0.003 -13"><span class='ocrx_word' id='word_1_9' title='bbox 124 523 213 578; x_wconf 92' lang='lat' dir='ltr'>tores</span> <span class='ocrx_word' id='word_1_10' title='bbox 240 534 291 578; x_wconf 93' lang='lat' dir='ltr'>res</span> <span class='ocrx_word' id='word_1_11' title='bbox 316 512 529 580; x_wconf 84' lang='lat' dir='ltr'>hereditarias</span> <span class='ocrx_word' id='word_1_12' title='bbox 556 517 639 580; x_wconf 89' lang='lat' dir='ltr'>servi</span> <span class='ocrx_word' id='word_1_13' title='bbox 667 517 800 581; x_wconf 90' lang='lat' dir='ltr'>nomine</span> <span class='ocrx_word' id='word_1_14' title='bbox 825 518 980 591; x_wconf 84' lang='lat' dir='ltr'>vendant,</span> <span class='ocrx_word' id='word_1_15' title='bbox 1006 536 1048 580; x_wconf 92' lang='lat' dir='ltr'>ne</span> <span class='ocrx_word' id='word_1_16' title='bbox 1078 516 1192 580; x_wconf 85' lang='lat' dir='ltr'>iniuria</span> <span class='ocrx_word' id='word_1_17' title='bbox 1222 518 1280 581; x_wconf 92' lang='lat' dir='ltr'>de·</span> 
     </span>
     <span class='ocr_line' id='line_1_3' title="bbox 123 616 1310 702; baseline 0.003 -22"><span class='ocrx_word' id='word_1_18' title='bbox 123 616 255 681; x_wconf 87' lang='lat' dir='ltr'>functus</span> <span class='ocrx_word' id='word_1_19' title='bbox 269 617 438 683; x_wconf 87' lang='lat' dir='ltr'>afficiatur.</span> <span class='ocrx_word' id='word_1_20' title='bbox 483 619 644 702; x_wconf 82' lang='lat' dir='ltr'><strong>Idemque</strong></span> <span class='ocrx_word' id='word_1_21' title='bbox 659 620 735 683; x_wconf 93' lang='lat' dir='ltr'>iuris</span> <span class='ocrx_word' id='word_1_22' title='bbox 751 631 802 684; x_wconf 92' lang='lat' dir='ltr'>est</span> <span class='ocrx_word' id='word_1_23' title='bbox 817 629 851 684; x_wconf 93' lang='lat' dir='ltr'>et</span> <span class='ocrx_word' id='word_1_24' title='bbox 866 622 893 683; x_wconf 90' lang='lat' dir='ltr'>si</span> <span class='ocrx_word' id='word_1_25' title='bbox 913 622 983 684; x_wconf 90' lang='lat' dir='ltr'>sine</span> <span class='ocrx_word' id='word_1_26' title='bbox 999 620 1153 685; x_wconf 91' lang='lat' dir='ltr'>libertate</span> <span class='ocrx_word' id='word_1_27' title='bbox 1168 642 1279 686; x_wconf 89' lang='lat' dir='ltr'>servus</span> <span class='ocrx_word' id='word_1_28' title='bbox 1292 629 1310 683; x_wconf 86' lang='lat'>2</span> 
     </span>
     <span class='ocr_line' id='line_1_4' title="bbox 124 719 1278 806; baseline 0.007 -24"><span class='ocrx_word' id='word_1_29' title='bbox 124 719 220 784; x_wconf 90' lang='lat' dir='ltr'>heres</span> <span class='ocrx_word' id='word_1_30' title='bbox 246 722 418 785; x_wconf 86' lang='lat' dir='ltr'>institutus</span> <span class='ocrx_word' id='word_1_31' title='bbox 442 731 502 786; x_wconf 88' lang='lat' dir='ltr'>est.</span> <span class='ocrx_word' id='word_1_32' title='bbox 548 723 638 806; x_wconf 92' lang='lat' dir='ltr'>quod</span> <span class='ocrx_word' id='word_1_33' title='bbox 666 733 778 788; x_wconf 90' lang='lat' dir='ltr'>nostra</span> <span class='ocrx_word' id='word_1_34' title='bbox 802 725 994 787; x_wconf 90' lang='lat' dir='ltr'>constitutio</span> <span class='ocrx_word' id='word_1_35' title='bbox 1019 745 1085 787; x_wconf 93' lang='lat' dir='ltr'>non</span> <span class='ocrx_word' id='word_1_36' title='bbox 1112 723 1218 788; x_wconf 90' lang='lat' dir='ltr'>solum</span> <span class='ocrx_word' id='word_1_37' title='bbox 1246 726 1278 790; x_wconf 95' lang='lat' dir='ltr'>in</span> 
     </span>
     <span class='ocr_line' id='line_1_5' title="bbox 124 823 1280 908; baseline 0.006 -23"><span class='ocrx_word' id='word_1_38' title='bbox 124 823 268 902; x_wconf 89' lang='lat' dir='ltr'>domino,</span> <span class='ocrx_word' id='word_1_39' title='bbox 283 824 339 907; x_wconf 91' lang='lat' dir='ltr'>qui</span> <span class='ocrx_word' id='word_1_40' title='bbox 359 825 518 890; x_wconf 90' lang='lat' dir='ltr'>solvendo</span> <span class='ocrx_word' id='word_1_41' title='bbox 540 846 606 890; x_wconf 93' lang='lat' dir='ltr'>non</span> <span class='ocrx_word' id='word_1_42' title='bbox 629 835 688 903; x_wconf 92' lang='lat' dir='ltr'>est,</span> <span class='ocrx_word' id='word_1_43' title='bbox 704 828 762 891; x_wconf 92' lang='lat' dir='ltr'>sed</span> <span class='ocrx_word' id='word_1_44' title='bbox 785 826 983 908; x_wconf 84' lang='lat' dir='ltr'>generaliter</span> <span class='ocrx_word' id='word_1_45' title='bbox 1001 828 1171 892; x_wconf 91' lang='lat' dir='ltr'>constituit</span> <span class='ocrx_word' id='word_1_46' title='bbox 1194 848 1280 892; x_wconf 89' lang='lat' dir='ltr'>nova</span> 
     </span>
     <span class='ocr_line' id='line_1_6' title="bbox 125 924 1278 1014; baseline 0.003 -25"><span class='ocrx_word' id='word_1_47' title='bbox 125 924 340 993; x_wconf 85' lang='lat' dir='ltr'>humanitatis</span> <span class='ocrx_word' id='word_1_48' title='bbox 361 928 496 1002; x_wconf 82' lang='lat' dir='ltr'>ratione,</span> <span class='ocrx_word' id='word_1_49' title='bbox 519 939 557 993; x_wconf 92' lang='lat' dir='ltr'>ut</span> <span class='ocrx_word' id='word_1_50' title='bbox 585 950 629 993; x_wconf 87' lang='lat' dir='ltr'>ex</span> <span class='ocrx_word' id='word_1_51' title='bbox 656 931 728 1012; x_wconf 89' lang='lat' dir='ltr'>ipsa</span> <span class='ocrx_word' id='word_1_52' title='bbox 755 932 913 1014; x_wconf 88' lang='lat' dir='ltr'>scriptura</span> <span class='ocrx_word' id='word_1_53' title='bbox 941 930 1155 993; x_wconf 88' lang='lat' dir='ltr'>institutionis</span> <span class='ocrx_word' id='word_1_54' title='bbox 1177 931 1278 993; x_wconf 89' lang='lat' dir='ltr'>etiarn</span> 
     </span>
     <span class='ocr_line' id='line_1_7' title="bbox 125 1031 1279 1116; baseline 0.002 -21"><span class='ocrx_word' id='word_1_55' title='bbox 125 1031 260 1096; x_wconf 88' lang='lat' dir='ltr'>libertas</span> <span class='ocrx_word' id='word_1_56' title='bbox 282 1033 311 1096; x_wconf 95' lang='lat' dir='ltr'>ei</span> <span class='ocrx_word' id='word_1_57' title='bbox 334 1041 525 1116; x_wconf 85' lang='lat' dir='ltr'>competere</span> <span class='ocrx_word' id='word_1_58' title='bbox 547 1033 708 1108; x_wconf 91' lang='lat' dir='ltr'>videatur,</span> <span class='ocrx_word' id='word_1_59' title='bbox 728 1053 802 1097; x_wconf 91' lang='lat' dir='ltr'>cum</span> <span class='ocrx_word' id='word_1_60' title='bbox 831 1055 896 1097; x_wconf 92' lang='lat' dir='ltr'>non</span> <span class='ocrx_word' id='word_1_61' title='bbox 923 1043 974 1097; x_wconf 89' lang='lat' dir='ltr'>est</span> <span class='ocrx_word' id='word_1_62' title='bbox 996 1032 1172 1097; x_wconf 90' lang='lat' dir='ltr'>verisimile</span> <span class='ocrx_word' id='word_1_63' title='bbox 1194 1054 1279 1112; x_wconf 92' lang='lat' dir='ltr'>eum,</span> 
     </span>
     <span class='ocr_line' id='line_1_8' title="bbox 125 1135 1278 1220; baseline 0.001 -22"><span class='ocrx_word' id='word_1_64' title='bbox 125 1156 224 1218; x_wconf 89' lang='lat' dir='ltr'>quern</span> <span class='ocrx_word' id='word_1_65' title='bbox 239 1135 398 1201; x_wconf 88' lang='lat' dir='ltr'>heredem</span> <span class='ocrx_word' id='word_1_66' title='bbox 413 1137 474 1200; x_wconf 88' lang='lat' dir='ltr'>sibi</span> <span class='ocrx_word' id='word_1_67' title='bbox 490 1136 637 1219; x_wconf 86' lang='lat' dir='ltr'>elegit,si</span> <span class='ocrx_word' id='word_1_68' title='bbox 653 1137 907 1220; x_wconf 87' lang='lat' dir='ltr'>praetermiserit</span> <span class='ocrx_word' id='word_1_69' title='bbox 923 1136 1085 1200; x_wconf 87' lang='lat' dir='ltr'>libertatis</span> <span class='ocrx_word' id='word_1_70' title='bbox 1100 1137 1278 1216; x_wconf 88' lang='lat' dir='ltr'>dationem,</span> 
     </span>
     <span class='ocr_line' id='line_1_9' title="bbox 124 1240 1309 1307; baseline -0.001 -4"><span class='ocrx_word' id='word_1_71' title='bbox 124 1260 254 1303; x_wconf 89' lang='lat' dir='ltr'>servum</span> <span class='ocrx_word' id='word_1_72' title='bbox 270 1260 438 1304; x_wconf 89' lang='lat' dir='ltr'>remanere</span> <span class='ocrx_word' id='word_1_73' title='bbox 452 1240 594 1305; x_wconf 88' lang='lat' dir='ltr'>voluisse</span> <span class='ocrx_word' id='word_1_74' title='bbox 613 1251 647 1306; x_wconf 94' lang='lat' dir='ltr'>et</span> <span class='ocrx_word' id='word_1_75' title='bbox 670 1242 836 1305; x_wconf 90' lang='lat' dir='ltr'>neminem</span> <span class='ocrx_word' id='word_1_76' title='bbox 859 1242 921 1304; x_wconf 92' lang='lat' dir='ltr'>sibi</span> <span class='ocrx_word' id='word_1_77' title='bbox 940 1241 1096 1305; x_wconf 90' lang='lat' dir='ltr'>heredem</span> <span class='ocrx_word' id='word_1_78' title='bbox 1115 1241 1192 1306; x_wconf 92' lang='lat' dir='ltr'>fore.</span> <span class='ocrx_word' id='word_1_79' title='bbox 1238 1242 1309 1307; x_wconf 88' lang='lat' dir='ltr'>In3</span> 
     </span>
     <span class='ocr_line' id='line_1_10' title="bbox 123 1341 1277 1427; baseline 0.003 -22"><span class='ocrx_word' id='word_1_80' title='bbox 123 1341 272 1406; x_wconf 90' lang='lat' dir='ltr'>fraudem</span> <span class='ocrx_word' id='word_1_81' title='bbox 295 1351 406 1408; x_wconf 87' lang='lat' dir='ltr'>autem</span> <span class='ocrx_word' id='word_1_82' title='bbox 430 1346 627 1410; x_wconf 86' lang='lat' dir='ltr'>creditorum</span> <span class='ocrx_word' id='word_1_83' title='bbox 651 1347 882 1410; x_wconf 87' lang='lat' dir='ltr'>manumittere</span> <span class='ocrx_word' id='word_1_84' title='bbox 900 1346 1039 1424; x_wconf 89' lang='lat' dir='ltr'>videtur,</span> <span class='ocrx_word' id='word_1_85' title='bbox 1061 1347 1117 1427; x_wconf 93' lang='lat' dir='ltr'>qui</span> <span class='ocrx_word' id='word_1_86' title='bbox 1135 1346 1188 1409; x_wconf 91' lang='lat' dir='ltr'>vel</span> <span class='ocrx_word' id='word_1_87' title='bbox 1211 1347 1277 1409; x_wconf 90' lang='lat' dir='ltr'>iarn</span> 
     </span>
    </p>
   </div>
   <div class='ocr_carea' id='block_1_3' title="bbox 124 1448 1278 1629">
    <p class='ocr_par' dir='ltr' id='par_1_3' title="bbox 124 1448 1278 1629">
     <span class='ocr_line' id='line_1_11' title="bbox 125 1448 1278 1531; baseline 0.003 -22"><span class='ocrx_word' id='word_1_88' title='bbox 125 1467 166 1510; x_wconf 93' lang='lat' dir='ltr'>eo</span> <span class='ocrx_word' id='word_1_89' title='bbox 190 1455 341 1529; x_wconf 89' lang='lat' dir='ltr'>tempore</span> <span class='ocrx_word' id='word_1_90' title='bbox 364 1467 430 1529; x_wconf 88' lang='lat' dir='ltr'>quo</span> <span class='ocrx_word' id='word_1_91' title='bbox 458 1449 661 1513; x_wconf 86' lang='lat' dir='ltr'>manumittit</span> <span class='ocrx_word' id='word_1_92' title='bbox 682 1448 841 1512; x_wconf 91' lang='lat' dir='ltr'>solvendo</span> <span class='ocrx_word' id='word_1_93' title='bbox 867 1469 932 1511; x_wconf 92' lang='lat' dir='ltr'>non</span> <span class='ocrx_word' id='word_1_94' title='bbox 960 1459 1019 1525; x_wconf 90' lang='lat' dir='ltr'>est,</span> <span class='ocrx_word' id='word_1_95' title='bbox 1038 1449 1089 1512; x_wconf 90' lang='lat' dir='ltr'>vel</span> <span class='ocrx_word' id='word_1_96' title='bbox 1113 1451 1168 1531; x_wconf 94' lang='lat' dir='ltr'>qui</span> <span class='ocrx_word' id='word_1_97' title='bbox 1192 1449 1278 1514; x_wconf 90' lang='lat' dir='ltr'>datis</span> 
     </span>
     <span class='ocr_line' id='line_1_12' title="bbox 124 1545 1276 1629; baseline 0.002 -21"><span class='ocrx_word' id='word_1_98' title='bbox 124 1545 333 1610; x_wconf 84' lang='lat' dir='ltr'>libertatibus</span> <span class='ocrx_word' id='word_1_99' title='bbox 355 1547 516 1611; x_wconf 89' lang='lat' dir='ltr'>desiturus</span> <span class='ocrx_word' id='word_1_100' title='bbox 539 1558 590 1612; x_wconf 92' lang='lat' dir='ltr'>est</span> <span class='ocrx_word' id='word_1_101' title='bbox 613 1547 771 1611; x_wconf 91' lang='lat' dir='ltr'>solvendo</span> <span class='ocrx_word' id='word_1_102' title='bbox 794 1568 876 1610; x_wconf 91' lang='lat' dir='ltr'>esse.</span> <span class='ocrx_word' id='word_1_103' title='bbox 922 1546 1141 1629; x_wconf 90' lang='lat' dir='ltr'>praevaluisse</span> <span class='ocrx_word' id='word_1_104' title='bbox 1164 1558 1276 1611; x_wconf 91' lang='lat' dir='ltr'>tamen</span> 
     </span>
    </p>
   </div>
   <div class='ocr_carea' id='block_1_4' title="bbox 124 1650 1397 2565">
    <p class='ocr_par' dir='ltr' id='par_1_4' title="bbox 124 1650 1397 2337">
     <span class='ocr_line' id='line_1_13' title="bbox 124 1650 1276 1735; baseline 0.005 -24"><span class='ocrx_word' id='word_1_105' title='bbox 124 1650 262 1728; x_wconf 85' lang='lat' dir='ltr'>videtur,</span> <span class='ocrx_word' id='word_1_106' title='bbox 288 1651 350 1713; x_wconf 89' lang='lat' dir='ltr'>nisi</span> <span class='ocrx_word' id='word_1_107' title='bbox 374 1652 521 1715; x_wconf 90' lang='lat' dir='ltr'>animum</span> <span class='ocrx_word' id='word_1_108' title='bbox 548 1672 679 1735; x_wconf 89' lang='lat' dir='ltr'>quoque</span> <span class='ocrx_word' id='word_1_109' title='bbox 708 1651 881 1715; x_wconf 89' lang='lat' dir='ltr'>fraudandi</span> <span class='ocrx_word' id='word_1_110' title='bbox 908 1653 1126 1715; x_wconf 88' lang='lat' dir='ltr'>manumissor</span> <span class='ocrx_word' id='word_1_111' title='bbox 1151 1651 1276 1726; x_wconf 92' lang='lat' dir='ltr'>habuit,</span> 
     </span>
     <span class='ocr_line' id='line_1_14' title="bbox 125 1754 1341 1839; baseline 0.001 -23"><span class='ocrx_word' id='word_1_112' title='bbox 125 1773 191 1816; x_wconf 91' lang='lat' dir='ltr'>non</span> <span class='ocrx_word' id='word_1_113' title='bbox 214 1754 365 1836; x_wconf 91' lang='lat' dir='ltr'>impediri</span> <span class='ocrx_word' id='word_1_114' title='bbox 389 1754 584 1834; x_wconf 90' lang='lat' dir='ltr'>libertatem,</span> <span class='ocrx_word' id='word_1_115' title='bbox 605 1757 754 1839; x_wconf 90' lang='lat' dir='ltr'>quamvis</span> <span class='ocrx_word' id='word_1_116' title='bbox 774 1755 862 1818; x_wconf 92' lang='lat' dir='ltr'>bona</span> <span class='ocrx_word' id='word_1_117' title='bbox 885 1755 954 1819; x_wconf 87' lang='lat' dir='ltr'>eius</span> <span class='ocrx_word' id='word_1_118' title='bbox 977 1756 1190 1820; x_wconf 91' lang='lat' dir='ltr'>creditoribus</span> <span class='ocrx_word' id='word_1_119' title='bbox 1210 1776 1276 1818; x_wconf 92' lang='lat' dir='ltr'>non</span> <span class='ocrx_word' id='word_1_120' title='bbox 1339 1807 1341 1810; x_wconf 93' lang='lat'>.</span> 
     </span>
     <span class='ocr_line' id='line_1_15' title="bbox 125 1856 1276 1941; baseline 0.003 -23"><span class='ocrx_word' id='word_1_121' title='bbox 125 1856 305 1921; x_wconf 84' lang='lat' dir='ltr'>sufficiant:</span> <span class='ocrx_word' id='word_1_122' title='bbox 331 1878 432 1940; x_wconf 87' lang='lat' dir='ltr'>saepe</span> <span class='ocrx_word' id='word_1_123' title='bbox 455 1859 542 1921; x_wconf 91' lang='lat' dir='ltr'>enim</span> <span class='ocrx_word' id='word_1_124' title='bbox 567 1859 610 1922; x_wconf 86' lang='lat' dir='ltr'>de</span> <span class='ocrx_word' id='word_1_125' title='bbox 635 1858 845 1923; x_wconf 92' lang='lat' dir='ltr'>facultatibus</span> <span class='ocrx_word' id='word_1_126' title='bbox 868 1860 934 1922; x_wconf 89' lang='lat' dir='ltr'>suis</span> <span class='ocrx_word' id='word_1_127' title='bbox 956 1858 1097 1940; x_wconf 91' lang='lat' dir='ltr'>amplius</span> <span class='ocrx_word' id='word_1_128' title='bbox 1120 1879 1220 1941; x_wconf 93' lang='lat' dir='ltr'>quarn</span> <span class='ocrx_word' id='word_1_129' title='bbox 1243 1859 1276 1922; x_wconf 91' lang='lat' dir='ltr'>in</span> 
     </span>
     <span class='ocr_line' id='line_1_16' title="bbox 124 1958 1397 2045; baseline 0.003 -24"><span class='ocrx_word' id='word_1_130' title='bbox 124 1958 177 2022; x_wconf 91' lang='lat' dir='ltr'>his</span> <span class='ocrx_word' id='word_1_131' title='bbox 202 1969 253 2024; x_wconf 87' lang='lat' dir='ltr'>est</span> <span class='ocrx_word' id='word_1_132' title='bbox 281 1971 414 2045; x_wconf 89' lang='lat' dir='ltr'>sperant</span> <span class='ocrx_word' id='word_1_133' title='bbox 437 1961 595 2026; x_wconf 83' lang='lat' dir='ltr'>homines</span> <span class='ocrx_word' id='word_1_134' title='bbox 641 1962 753 2045; x_wconf 88' lang='lat' dir='ltr'>itaque</span> <span class='ocrx_word' id='word_1_135' title='bbox 778 1973 856 2027; x_wconf 90' lang='lat' dir='ltr'>tunc</span> <span class='ocrx_word' id='word_1_136' title='bbox 881 1962 1102 2044; x_wconf 82' lang='lat' dir='ltr'>intellegimus</span> <span class='ocrx_word' id='word_1_137' title='bbox 1126 1962 1276 2045; x_wconf 90' lang='lat' dir='ltr'>impediri</span> <span class='ocrx_word' id='word_1_138' title='bbox 1394 1994 1397 1999; x_wconf 92' lang='lat'><strong>·</strong></span> 
     </span>
     <span class='ocr_line' id='line_1_17' title="bbox 124 2062 1277 2148; baseline 0.003 -22"><span class='ocrx_word' id='word_1_139' title='bbox 124 2062 323 2143; x_wconf 90' lang='lat' dir='ltr'>libertatern,</span> <span class='ocrx_word' id='word_1_140' title='bbox 339 2084 413 2128; x_wconf 92' lang='lat' dir='ltr'>cum</span> <span class='ocrx_word' id='word_1_141' title='bbox 429 2074 567 2148; x_wconf 89' lang='lat' dir='ltr'>utroque</span> <span class='ocrx_word' id='word_1_142' title='bbox 590 2066 691 2130; x_wconf 90' lang='lat' dir='ltr'>modo</span> <span class='ocrx_word' id='word_1_143' title='bbox 713 2065 904 2131; x_wconf 85' lang='lat' dir='ltr'>fraudantur</span> <span class='ocrx_word' id='word_1_144' title='bbox 921 2066 1107 2140; x_wconf 87' lang='lat' dir='ltr'>creditores,</span> <span class='ocrx_word' id='word_1_145' title='bbox 1125 2067 1224 2130; x_wconf 91' lang='lat' dir='ltr'>idest</span> <span class='ocrx_word' id='word_1_146' title='bbox 1243 2075 1277 2130; x_wconf 94' lang='lat' dir='ltr'>et</span> 
     </span>
     <span class='ocr_line' id='line_1_18' title="bbox 125 2167 1276 2252; baseline 0.003 -22"><span class='ocrx_word' id='word_1_147' title='bbox 125 2167 261 2231; x_wconf 92' lang='lat' dir='ltr'>consilio</span> <span class='ocrx_word' id='word_1_148' title='bbox 277 2169 538 2234; x_wconf 87' lang='lat' dir='ltr'>manumittentis</span> <span class='ocrx_word' id='word_1_149' title='bbox 554 2178 587 2233; x_wconf 91' lang='lat' dir='ltr'>et</span> <span class='ocrx_word' id='word_1_150' title='bbox 604 2170 674 2252; x_wconf 86' lang='lat' dir='ltr'>ipsa</span> <span class='ocrx_word' id='word_1_151' title='bbox 690 2189 733 2249; x_wconf 88' lang='lat' dir='ltr'>re,</span> <span class='ocrx_word' id='word_1_152' title='bbox 749 2190 789 2233; x_wconf 92' lang='lat' dir='ltr'>eo</span> <span class='ocrx_word' id='word_1_153' title='bbox 805 2171 893 2252; x_wconf 92' lang='lat' dir='ltr'>quod</span> <span class='ocrx_word' id='word_1_154' title='bbox 912 2169 1000 2233; x_wconf 88' lang='lat' dir='ltr'>bona</span> <span class='ocrx_word' id='word_1_155' title='bbox 1018 2190 1085 2232; x_wconf 91' lang='lat' dir='ltr'>non</span> <span class='ocrx_word' id='word_1_156' title='bbox 1100 2169 1276 2234; x_wconf 83' lang='lat' dir='ltr'>suffectura</span> 
     </span>
     <span class='ocr_line' id='line_1_19' title="bbox 124 2272 438 2337; baseline 0.013 -4"><span class='ocrx_word' id='word_1_157' title='bbox 124 2282 201 2336; x_wconf 87' lang='lat' dir='ltr'>sunt</span> <span class='ocrx_word' id='word_1_158' title='bbox 216 2272 438 2337; x_wconf 83' lang='lat' dir='ltr'>creditoribus.</span> 
     </span>
    </p>

    <p class='ocr_par' dir='ltr' id='par_1_5' title="bbox 125 2374 1307 2565">
     <span class='ocr_line' id='line_1_20' title="bbox 169 2374 1307 2460; baseline 0.001 -23"><span class='ocrx_word' id='word_1_159' title='bbox 169 2374 299 2439; x_wconf 91' lang='lat' dir='ltr'>Eadem</span> <span class='ocrx_word' id='word_1_160' title='bbox 316 2375 389 2459; x_wconf 86' lang='lat' dir='ltr'>lege</span> <span class='ocrx_word' id='word_1_161' title='bbox 403 2375 503 2442; x_wconf 88' lang='lat' dir='ltr'>Aelia</span> <span class='ocrx_word' id='word_1_162' title='bbox 526 2376 640 2442; x_wconf 90' lang='lat' dir='ltr'>Sentia</span> <span class='ocrx_word' id='word_1_163' title='bbox 660 2377 796 2441; x_wconf 91' lang='lat' dir='ltr'>domino</span> <span class='ocrx_word' id='word_1_164' title='bbox 820 2378 936 2441; x_wconf 90' lang='lat' dir='ltr'>minori</span> <span class='ocrx_word' id='word_1_165' title='bbox 956 2378 1050 2440; x_wconf 91' lang='lat' dir='ltr'>annis</span> <span class='ocrx_word' id='word_1_166' title='bbox 1073 2376 1186 2460; x_wconf 87' lang='lat' dir='ltr'>viginti</span> <span class='ocrx_word' id='word_1_167' title='bbox 1210 2387 1307 2440; x_wconf 75' lang='lat' dir='ltr'>nons</span> 
     </span>
     <span class='ocr_line' id='line_1_21' title="bbox 125 2478 1276 2565; baseline 0.003 -24"><span class='ocrx_word' id='word_1_168' title='bbox 125 2478 222 2542; x_wconf 82' lang='lat' dir='ltr'>aliter</span> <span class='ocrx_word' id='word_1_169' title='bbox 241 2481 472 2545; x_wconf 85' lang='lat' dir='ltr'>manumittere</span> <span class='ocrx_word' id='word_1_170' title='bbox 498 2483 706 2565; x_wconf 88' lang='lat' dir='ltr'>permittitur,</span> <span class='ocrx_word' id='word_1_171' title='bbox 729 2503 828 2565; x_wconf 93' lang='lat' dir='ltr'>quam</span> <span class='ocrx_word' id='word_1_172' title='bbox 859 2482 887 2546; x_wconf 92' lang='lat' dir='ltr'>si</span> <span class='ocrx_word' id='word_1_173' title='bbox 909 2483 1054 2546; x_wconf 90' lang='lat' dir='ltr'>vindicta</span> <span class='ocrx_word' id='word_1_174' title='bbox 1084 2483 1172 2564; x_wconf 91' lang='lat' dir='ltr'>apud</span> <span class='ocrx_word' id='word_1_175' title='bbox 1199 2503 1276 2546; x_wconf 93' lang='lat' dir='ltr'>con-</span> 
     </span>
    </p>
   </div>
   <div class='ocr_carea' id='block_1_5' title="bbox 125 2582 1414 3082">
    <p class='ocr_par' dir='ltr' id='par_1_6' title="bbox 125 2582 1414 3082">
     <span class='ocr_line' id='line_1_22' title="bbox 125 2582 1274 2670; baseline 0.001 -24"><span class='ocrx_word' id='word_1_176' title='bbox 125 2582 233 2646; x_wconf 92' lang='lat' dir='ltr'>silium</span> <span class='ocrx_word' id='word_1_177' title='bbox 249 2585 333 2647; x_wconf 91' lang='lat' dir='ltr'>iusta</span> <span class='ocrx_word' id='word_1_178' title='bbox 348 2605 445 2648; x_wconf 89' lang='lat' dir='ltr'>causa</span> <span class='ocrx_word' id='word_1_179' title='bbox 462 2587 724 2649; x_wconf 90' lang='lat' dir='ltr'>manumissionis</span> <span class='ocrx_word' id='word_1_180' title='bbox 739 2587 923 2670; x_wconf 86' lang='lat' dir='ltr'>adprobata</span> <span class='ocrx_word' id='word_1_181' title='bbox 939 2586 1057 2650; x_wconf 91' lang='lat' dir='ltr'>fuerint</span> <span class='ocrx_word' id='word_1_182' title='bbox 1074 2587 1274 2649; x_wconf 90' lang='lat' dir='ltr'>manumissi.</span> 
     </span>
     <span class='ocr_line' id='line_1_23' title="bbox 127 2686 1414 2772; baseline 0.005 -22"><span class='ocrx_word' id='word_1_183' title='bbox 127 2686 237 2752; x_wconf 90' lang='lat' dir='ltr'>Iustae</span> <span class='ocrx_word' id='word_1_184' title='bbox 253 2699 364 2753; x_wconf 92' lang='lat' dir='ltr'>autem</span> <span class='ocrx_word' id='word_1_185' title='bbox 382 2691 644 2754; x_wconf 87' lang='lat' dir='ltr'>manumissionis</span> <span class='ocrx_word' id='word_1_186' title='bbox 660 2710 777 2754; x_wconf 83' lang='lat' dir='ltr'>causae</span> <span class='ocrx_word' id='word_1_187' title='bbox 798 2700 883 2769; x_wconf 89' lang='lat' dir='ltr'>sunt,</span> <span class='ocrx_word' id='word_1_188' title='bbox 900 2690 1000 2754; x_wconf 92' lang='lat' dir='ltr'>veluti</span> <span class='ocrx_word' id='word_1_189' title='bbox 1017 2692 1044 2753; x_wconf 91' lang='lat' dir='ltr'>si</span> <span class='ocrx_word' id='word_1_190' title='bbox 1060 2691 1132 2771; x_wconf 92' lang='lat' dir='ltr'>quis</span> <span class='ocrx_word' id='word_1_191' title='bbox 1148 2700 1275 2772; x_wconf 92' lang='lat' dir='ltr'>patrem</span> <span class='ocrx_word' id='word_1_192' title='bbox 1290 2704 1307 2757; x_wconf 83' lang='lat'><strong>5</strong></span> <span class='ocrx_word' id='word_1_193' title='bbox 1413 2767 1414 2770; x_wconf 8' lang='grc' dir='ltr'><strong>Ἴ</strong></span> 
     </span>
     <span class='ocr_line' id='line_1_24' title="bbox 125 2793 1275 2858; baseline -0.001 -2"><span class='ocrx_word' id='word_1_194' title='bbox 125 2801 182 2856; x_wconf 91' lang='lat' dir='ltr'>aut</span> <span class='ocrx_word' id='word_1_195' title='bbox 205 2802 344 2856; x_wconf 90' lang='lat' dir='ltr'>matrem</span> <span class='ocrx_word' id='word_1_196' title='bbox 367 2803 425 2857; x_wconf 89' lang='lat' dir='ltr'>aut</span> <span class='ocrx_word' id='word_1_197' title='bbox 448 2793 550 2857; x_wconf 89' lang='lat' dir='ltr'>filium</span> <span class='ocrx_word' id='word_1_198' title='bbox 575 2793 718 2858; x_wconf 87' lang='lat' dir='ltr'>filiamve</span> <span class='ocrx_word' id='word_1_199' title='bbox 740 2804 797 2858; x_wconf 92' lang='lat' dir='ltr'>aut</span> <span class='ocrx_word' id='word_1_200' title='bbox 816 2793 949 2857; x_wconf 91' lang='lat' dir='ltr'>fratrem</span> <span class='ocrx_word' id='word_1_201' title='bbox 973 2814 1161 2856; x_wconf 90' lang='lat' dir='ltr'>sororemve</span> <span class='ocrx_word' id='word_1_202' title='bbox 1180 2802 1275 2856; x_wconf 94' lang='lat' dir='ltr'>natu·</span> 
     </span>
     <span class='ocr_line' id='line_1_25' title="bbox 125 2895 1275 2981; baseline -0.001 -22"><span class='ocrx_word' id='word_1_203' title='bbox 125 2895 208 2960; x_wconf 90' lang='lat' dir='ltr'>rales</span> <span class='ocrx_word' id='word_1_204' title='bbox 238 2905 295 2960; x_wconf 84' lang='lat' dir='ltr'>aut</span> <span class='ocrx_word' id='word_1_205' title='bbox 324 2898 553 2981; x_wconf 86' lang='lat' dir='ltr'>paedagogum</span> <span class='ocrx_word' id='word_1_206' title='bbox 584 2899 742 2961; x_wconf 88' lang='lat' dir='ltr'>nutricem</span> <span class='ocrx_word' id='word_1_207' title='bbox 777 2898 988 2961; x_wconf 86' lang='lat' dir='ltr'>educatorem</span> <span class='ocrx_word' id='word_1_208' title='bbox 1018 2908 1076 2961; x_wconf 90' lang='lat' dir='ltr'>aut</span> <span class='ocrx_word' id='word_1_209' title='bbox 1107 2895 1275 2959; x_wconf 89' lang='lat' dir='ltr'>alumnum</span> 
     </span>
     <span class='ocr_line' id='line_1_26' title="bbox 125 3000 1275 3082; baseline 0.001 -19"><span class='ocrx_word' id='word_1_210' title='bbox 125 3000 334 3064; x_wconf 88' lang='lat' dir='ltr'>alumnamve</span> <span class='ocrx_word' id='word_1_211' title='bbox 357 3011 414 3065; x_wconf 88' lang='lat' dir='ltr'>aut</span> <span class='ocrx_word' id='word_1_212' title='bbox 440 3001 677 3065; x_wconf 88' lang='lat' dir='ltr'>collactaneum</span> <span class='ocrx_word' id='word_1_213' title='bbox 709 3002 930 3076; x_wconf 86' lang='lat' dir='ltr'>manumittat,</span> <span class='ocrx_word' id='word_1_214' title='bbox 956 3009 1013 3063; x_wconf 89' lang='lat' dir='ltr'>aut</span> <span class='ocrx_word' id='word_1_215' title='bbox 1043 3020 1172 3064; x_wconf 90' lang='lat' dir='ltr'>servum</span> <span class='ocrx_word' id='word_1_216' title='bbox 1199 3020 1275 3082; x_wconf 93' lang='lat' dir='ltr'>pro·</span> 
     </span>
    </p>
   </div>
   <div class='ocr_carea' id='block_1_6' title="bbox 122 3219 1275 4547">
    <p class='ocr_par' dir='ltr' id='par_1_7' title="bbox 123 3219 1275 3960">
     <span class='ocr_line' id='line_1_27' title="bbox 123 3219 1274 3292; baseline -0.004 -13"><span class='ocrx_word' id='word_1_217' title='bbox 123 3224 131 3247; x_wconf 85' lang='lat'>&#39;</span> <span class='ocrx_word' id='word_1_218' title='bbox 161 3226 223 3280; x_wconf 87' lang='lat' dir='ltr'>The</span> <span class='ocrx_word' id='word_1_219' title='bbox 241 3226 286 3280; x_wconf 84' lang='lat' dir='ltr'>lex</span> <span class='ocrx_word' id='word_1_220' title='bbox 299 3223 381 3280; x_wconf 81' lang='lat' dir='ltr'>Aelia</span> <span class='ocrx_word' id='word_1_221' title='bbox 399 3225 498 3280; x_wconf 89' lang='lat' dir='ltr'>Sentia</span> <span class='ocrx_word' id='word_1_222' title='bbox 517 3224 566 3279; x_wconf 92' lang='lat' dir='ltr'>did</span> <span class='ocrx_word' id='word_1_223' title='bbox 585 3233 635 3278; x_wconf 88' lang='lat' dir='ltr'>not</span> <span class='ocrx_word' id='word_1_224' title='bbox 653 3224 739 3292; x_wconf 88' lang='lat' dir='ltr'>apply</span> <span class='ocrx_word' id='word_1_225' title='bbox 757 3232 786 3277; x_wconf 90' lang='lat' dir='ltr'>to</span> <span class='ocrx_word' id='word_1_226' title='bbox 803 3219 952 3292; x_wconf 83' lang='lat' dir='ltr'>peregrini,</span> <span class='ocrx_word' id='word_1_227' title='bbox 969 3230 998 3275; x_wconf 83' lang='lat' dir='ltr'>to</span> <span class='ocrx_word' id='word_1_228' title='bbox 1016 3221 1118 3287; x_wconf 89' lang='lat' dir='ltr'>whom,</span> <span class='ocrx_word' id='word_1_229' title='bbox 1135 3221 1274 3288; x_wconf 85' lang='lat' dir='ltr'>however,</span> 
     </span>
     <span class='ocr_line' id='line_1_28' title="bbox 125 3302 1275 3378; baseline -0.004 -15"><span class='ocrx_word' id='word_1_230' title='bbox 125 3308 182 3364; x_wconf 87' lang='lat' dir='ltr'>this</span> <span class='ocrx_word' id='word_1_231' title='bbox 194 3319 258 3378; x_wconf 90' lang='lat' dir='ltr'>part</span> <span class='ocrx_word' id='word_1_232' title='bbox 267 3307 300 3362; x_wconf 90' lang='lat' dir='ltr'>of</span> <span class='ocrx_word' id='word_1_233' title='bbox 309 3307 330 3363; x_wconf 86' lang='lat' dir='ltr'>it</span> <span class='ocrx_word' id='word_1_234' title='bbox 342 3307 464 3377; x_wconf 86' lang='lat' dir='ltr'>relating</span> <span class='ocrx_word' id='word_1_235' title='bbox 475 3318 505 3362; x_wconf 81' lang='lat' dir='ltr'>to</span> <span class='ocrx_word' id='word_1_236' title='bbox 518 3305 725 3362; x_wconf 84' lang='lat' dir='ltr'>manumission</span> <span class='ocrx_word' id='word_1_237' title='bbox 740 3304 769 3359; x_wconf 90' lang='lat' dir='ltr'>in</span> <span class='ocrx_word' id='word_1_238' title='bbox 781 3305 862 3359; x_wconf 87' lang='lat' dir='ltr'>fraud</span> <span class='ocrx_word' id='word_1_239' title='bbox 875 3303 908 3359; x_wconf 89' lang='lat' dir='ltr'>of</span> <span class='ocrx_word' id='word_1_240' title='bbox 917 3303 1053 3359; x_wconf 89' lang='lat' dir='ltr'>creditors</span> <span class='ocrx_word' id='word_1_241' title='bbox 1064 3319 1121 3357; x_wconf 85' lang='lat' dir='ltr'>was</span> <span class='ocrx_word' id='word_1_242' title='bbox 1134 3302 1275 3358; x_wconf 83' lang='lat' dir='ltr'>extended</span> 
     </span>
     <span class='ocr_line' id='line_1_29' title="bbox 123 3385 1274 3461; baseline -0.005 -15"><span class='ocrx_word' id='word_1_243' title='bbox 123 3392 164 3461; x_wconf 89' lang='lat' dir='ltr'>by</span> <span class='ocrx_word' id='word_1_244' title='bbox 187 3408 207 3448; x_wconf 83' lang='lat' dir='ltr'>a</span> <span class='ocrx_word' id='word_1_245' title='bbox 230 3390 541 3446; x_wconf 85' lang='lat' dir='ltr'>‘senatusconsultum&#39;</span> <span class='ocrx_word' id='word_1_246' title='bbox 564 3388 654 3444; x_wconf 88' lang='lat' dir='ltr'>under</span> <span class='ocrx_word' id='word_1_247' title='bbox 680 3387 830 3453; x_wconf 68' lang='lat' dir='ltr'>Hadriam</span> <span class='ocrx_word' id='word_1_248' title='bbox 855 3387 945 3441; x_wconf 89' lang='lat' dir='ltr'>Gaius</span> <span class='ocrx_word' id='word_1_249' title='bbox 967 3385 984 3439; x_wconf 94' lang='lat' dir='ltr'>i.</span> <span class='ocrx_word' id='word_1_250' title='bbox 1007 3399 1050 3452; x_wconf 77' lang='lat'>47.</span> <span class='ocrx_word' id='word_1_251' title='bbox 1097 3385 1186 3442; x_wconf 89' lang='lat' dir='ltr'>Gaius</span> <span class='ocrx_word' id='word_1_252' title='bbox 1208 3402 1274 3454; x_wconf 83' lang='lat' dir='ltr'>says</span> 
     </span>
     <span class='ocr_line' id='line_1_30' title="bbox 125 3467 1274 3544; baseline -0.007 -13"><span class='ocrx_word' id='word_1_253' title='bbox 125 3474 155 3543; x_wconf 86' lang='lat' dir='ltr'>(i.</span> <span class='ocrx_word' id='word_1_254' title='bbox 168 3473 214 3544; x_wconf 87' lang='lat'>37)</span> <span class='ocrx_word' id='word_1_255' title='bbox 227 3475 290 3531; x_wconf 89' lang='lat' dir='ltr'>that</span> <span class='ocrx_word' id='word_1_256' title='bbox 306 3474 355 3529; x_wconf 83' lang='lat' dir='ltr'>the</span> <span class='ocrx_word' id='word_1_257' title='bbox 371 3482 476 3528; x_wconf 84' lang='lat' dir='ltr'>statute</span> <span class='ocrx_word' id='word_1_258' title='bbox 488 3471 607 3527; x_wconf 88' lang='lat' dir='ltr'>allowed</span> <span class='ocrx_word' id='word_1_259' title='bbox 626 3488 644 3525; x_wconf 91' lang='lat' dir='ltr'>a</span> <span class='ocrx_word' id='word_1_260' title='bbox 661 3481 763 3541; x_wconf 91' lang='lat' dir='ltr'>patron</span> <span class='ocrx_word' id='word_1_261' title='bbox 782 3481 811 3524; x_wconf 93' lang='lat' dir='ltr'>to</span> <span class='ocrx_word' id='word_1_262' title='bbox 830 3469 933 3524; x_wconf 83' lang='lat' dir='ltr'>revoke</span> <span class='ocrx_word' id='word_1_263' title='bbox 946 3467 1166 3522; x_wconf 87' lang='lat' dir='ltr'>manumissions</span> <span class='ocrx_word' id='word_1_264' title='bbox 1179 3467 1217 3536; x_wconf 89' lang='lat' dir='ltr'>by</span> <span class='ocrx_word' id='word_1_265' title='bbox 1229 3467 1274 3523; x_wconf 90' lang='lat' dir='ltr'>his</span> 
     </span>
     <span class='ocr_line' id='line_1_31' title="bbox 123 3550 1274 3624; baseline -0.008 -11"><span class='ocrx_word' id='word_1_266' title='bbox 123 3557 270 3613; x_wconf 89' lang='lat' dir='ltr'>freedmen</span> <span class='ocrx_word' id='word_1_267' title='bbox 287 3556 379 3612; x_wconf 85' lang='lat' dir='ltr'>which</span> <span class='ocrx_word' id='word_1_268' title='bbox 398 3555 491 3611; x_wconf 88' lang='lat' dir='ltr'>would</span> <span class='ocrx_word' id='word_1_269' title='bbox 509 3554 647 3624; x_wconf 88' lang='lat' dir='ltr'>seriously</span> <span class='ocrx_word' id='word_1_270' title='bbox 665 3552 768 3624; x_wconf 87' lang='lat' dir='ltr'>impair</span> <span class='ocrx_word' id='word_1_271' title='bbox 788 3552 833 3607; x_wconf 88' lang='lat' dir='ltr'>his</span> <span class='ocrx_word' id='word_1_272' title='bbox 853 3569 917 3607; x_wconf 91' lang='lat' dir='ltr'>own</span> <span class='ocrx_word' id='word_1_273' title='bbox 939 3551 1028 3622; x_wconf 86' lang='lat' dir='ltr'>rights</span> <span class='ocrx_word' id='word_1_274' title='bbox 1048 3552 1081 3606; x_wconf 92' lang='lat' dir='ltr'>of</span> <span class='ocrx_word' id='word_1_275' title='bbox 1102 3550 1274 3606; x_wconf 88' lang='lat' dir='ltr'>succession.</span> 
     </span>
     <span class='ocr_line' id='line_1_32' title="bbox 125 3633 1273 3707; baseline -0.005 -11"><span class='ocrx_word' id='word_1_276' title='bbox 125 3642 183 3696; x_wconf 83' lang='lat' dir='ltr'>For</span> <span class='ocrx_word' id='word_1_277' title='bbox 200 3642 249 3696; x_wconf 87' lang='lat' dir='ltr'>the</span> <span class='ocrx_word' id='word_1_278' title='bbox 267 3641 327 3696; x_wconf 89' lang='lat' dir='ltr'>sale</span> <span class='ocrx_word' id='word_1_279' title='bbox 345 3638 378 3696; x_wconf 90' lang='lat' dir='ltr'>of</span> <span class='ocrx_word' id='word_1_280' title='bbox 392 3656 411 3694; x_wconf 90' lang='lat' dir='ltr'>a</span> <span class='ocrx_word' id='word_1_281' title='bbox 428 3637 570 3694; x_wconf 89' lang='lat' dir='ltr'>deceased</span> <span class='ocrx_word' id='word_1_282' title='bbox 587 3636 752 3692; x_wconf 87' lang='lat' dir='ltr'>insolvent&#39;s</span> <span class='ocrx_word' id='word_1_283' title='bbox 764 3645 898 3707; x_wconf 86' lang='lat' dir='ltr'>property</span> <span class='ocrx_word' id='word_1_284' title='bbox 911 3653 959 3691; x_wconf 92' lang='lat' dir='ltr'>see</span> <span class='ocrx_word' id='word_1_285' title='bbox 973 3634 1061 3690; x_wconf 90' lang='lat' dir='ltr'>Gaius</span> <span class='ocrx_word' id='word_1_286' title='bbox 1075 3633 1112 3690; x_wconf 89' lang='lat' dir='ltr'>iii.</span> <span class='ocrx_word' id='word_1_287' title='bbox 1127 3635 1233 3701; x_wconf 83' lang='lat'>78-80:</span> <span class='ocrx_word' id='word_1_288' title='bbox 1253 3634 1273 3690; x_wconf 84' lang='lat' dir='ltr'>ir</span> 
     </span>
     <span class='ocr_line' id='line_1_33' title="bbox 124 3717 1272 3793; baseline -0.007 -14"><span class='ocrx_word' id='word_1_289' title='bbox 124 3723 249 3780; x_wconf 86' lang='lat' dir='ltr'>entailed</span> <span class='ocrx_word' id='word_1_290' title='bbox 267 3724 454 3793; x_wconf 86' lang='lat' dir='ltr'>posthumous</span> <span class='ocrx_word' id='word_1_291' title='bbox 473 3721 598 3790; x_wconf 90' lang='lat' dir='ltr'>infamia,</span> <span class='ocrx_word' id='word_1_292' title='bbox 612 3721 727 3775; x_wconf 90' lang='lat' dir='ltr'>whence</span> <span class='ocrx_word' id='word_1_293' title='bbox 741 3719 761 3776; x_wconf 84' lang='lat' dir='ltr'>ir</span> <span class='ocrx_word' id='word_1_294' title='bbox 776 3719 800 3774; x_wconf 91' lang='lat' dir='ltr'>is</span> <span class='ocrx_word' id='word_1_295' title='bbox 817 3719 880 3774; x_wconf 89' lang='lat' dir='ltr'>said</span> <span class='ocrx_word' id='word_1_296' title='bbox 899 3718 1015 3773; x_wconf 84' lang='lat' dir='ltr'>‘servus</span> <span class='ocrx_word' id='word_1_297' title='bbox 1033 3717 1272 3773; x_wconf 86' lang='lat' dir='ltr'>necessarius...</span> 
     </span>
     <span class='ocr_line' id='line_1_34' title="bbox 124 3800 1271 3879; baseline -0.006 -16"><span class='ocrx_word' id='word_1_298' title='bbox 124 3825 183 3863; x_wconf 86' lang='lat' dir='ltr'>nou</span> <span class='ocrx_word' id='word_1_299' title='bbox 200 3807 293 3879; x_wconf 83' lang='lat' dir='ltr'>magis</span> <span class='ocrx_word' id='word_1_300' title='bbox 311 3806 512 3878; x_wconf 86' lang='lat' dir='ltr'>patrimonium</span> <span class='ocrx_word' id='word_1_301' title='bbox 525 3822 611 3877; x_wconf 90' lang='lat' dir='ltr'>quam</span> <span class='ocrx_word' id='word_1_302' title='bbox 630 3803 777 3860; x_wconf 77' lang='lat' dir='ltr'>infamiam</span> <span class='ocrx_word' id='word_1_303' title='bbox 790 3803 925 3875; x_wconf 89' lang='lat' dir='ltr'>consequi</span> <span class='ocrx_word' id='word_1_304' title='bbox 938 3802 1065 3858; x_wconf 85' lang='lat' dir='ltr'>videtur&#39;</span> <span class='ocrx_word' id='word_1_305' title='bbox 1079 3802 1149 3857; x_wconf 82' lang='lat' dir='ltr'>Cod.</span> <span class='ocrx_word' id='word_1_306' title='bbox 1162 3800 1271 3856; x_wconf 87' lang='lat' dir='ltr'>Theod.</span> 
     </span>
     <span class='ocr_line' id='line_1_35' title="bbox 126 3906 247 3960; baseline 0.008 -15"><span class='ocrx_word' id='word_1_307' title='bbox 126 3906 149 3946; x_wconf 71' lang='lat' dir='ltr'>a</span> <span class='ocrx_word' id='word_1_308' title='bbox 167 3906 207 3960; x_wconf 87' lang='lat'>19.</span> <span class='ocrx_word' id='word_1_309' title='bbox 220 3906 247 3960; x_wconf 88' lang='lat'>3.</span> 
     </span>
    </p>

    <p class='ocr_par' dir='ltr' id='par_1_8' title="bbox 162 3975 950 4050">
     <span class='ocr_line' id='line_1_36' title="bbox 162 3975 950 4050; baseline -0.008 -16"><span class='ocrx_word' id='word_1_310' title='bbox 162 3977 176 4050; x_wconf 84' lang='lat'>§</span> <span class='ocrx_word' id='word_1_311' title='bbox 189 3982 217 4034; x_wconf 69' lang='lat'>2</span> <span class='ocrx_word' id='word_1_312' title='bbox 237 3979 300 4034; x_wconf 90' lang='lat' dir='ltr'>The</span> <span class='ocrx_word' id='word_1_313' title='bbox 312 3987 474 4034; x_wconf 84' lang='lat' dir='ltr'>enactment</span> <span class='ocrx_word' id='word_1_314' title='bbox 486 3977 610 4034; x_wconf 79' lang='lat' dir='ltr'>referred</span> <span class='ocrx_word' id='word_1_315' title='bbox 623 3986 653 4032; x_wconf 90' lang='lat' dir='ltr'>to</span> <span class='ocrx_word' id='word_1_316' title='bbox 665 3975 689 4030; x_wconf 91' lang='lat' dir='ltr'>is</span> <span class='ocrx_word' id='word_1_317' title='bbox 702 3975 732 4030; x_wconf 93' lang='lat' dir='ltr'>in</span> <span class='ocrx_word' id='word_1_318' title='bbox 746 3976 817 4030; x_wconf 87' lang='lat' dir='ltr'>Cod.</span> <span class='ocrx_word' id='word_1_319' title='bbox 830 3975 854 4028; x_wconf 92' lang='grc'>6.</span> <span class='ocrx_word' id='word_1_320' title='bbox 870 3987 912 4041; x_wconf 87' lang='lat'>27.</span> <span class='ocrx_word' id='word_1_321' title='bbox 928 3985 950 4044; x_wconf 83' lang='lat'>5.</span> 
     </span>
    </p>

    <p class='ocr_par' dir='ltr' id='par_1_9' title="bbox 122 4053 1274 4464">
     <span class='ocr_line' id='line_1_37' title="bbox 161 4053 1274 4132; baseline -0.009 -15"><span class='ocrx_word' id='word_1_322' title='bbox 161 4063 176 4130; x_wconf 81' lang='lat'>§</span> <span class='ocrx_word' id='word_1_323' title='bbox 189 4066 219 4117; x_wconf 85' lang='lat'>4.</span> <span class='ocrx_word' id='word_1_324' title='bbox 237 4063 300 4117; x_wconf 90' lang='lat' dir='ltr'>The</span> <span class='ocrx_word' id='word_1_325' title='bbox 312 4061 417 4117; x_wconf 87' lang='lat' dir='ltr'>motive</span> <span class='ocrx_word' id='word_1_326' title='bbox 430 4061 463 4116; x_wconf 91' lang='lat' dir='ltr'>of</span> <span class='ocrx_word' id='word_1_327' title='bbox 471 4061 528 4116; x_wconf 90' lang='lat' dir='ltr'>this</span> <span class='ocrx_word' id='word_1_328' title='bbox 540 4070 603 4132; x_wconf 85' lang='lat' dir='ltr'>part</span> <span class='ocrx_word' id='word_1_329' title='bbox 622 4058 655 4114; x_wconf 91' lang='lat' dir='ltr'>of</span> <span class='ocrx_word' id='word_1_330' title='bbox 664 4060 712 4115; x_wconf 89' lang='lat' dir='ltr'>the</span> <span class='ocrx_word' id='word_1_331' title='bbox 728 4068 833 4115; x_wconf 87' lang='lat' dir='ltr'>statute</span> <span class='ocrx_word' id='word_1_332' title='bbox 846 4057 871 4113; x_wconf 91' lang='lat' dir='ltr'>is</span> <span class='ocrx_word' id='word_1_333' title='bbox 884 4057 978 4112; x_wconf 88' lang='lat' dir='ltr'>stated</span> <span class='ocrx_word' id='word_1_334' title='bbox 991 4057 1030 4126; x_wconf 83' lang='lat' dir='ltr'>by</span> <span class='ocrx_word' id='word_1_335' title='bbox 1042 4053 1226 4125; x_wconf 87' lang='lat' dir='ltr'>Theophilus,</span> <span class='ocrx_word' id='word_1_336' title='bbox 1240 4053 1274 4108; x_wconf 77' lang='grc' dir='ltr'>δι’</span> 
     </span>
     <span class='ocr_line' id='line_1_38' title="bbox 122 4135 1274 4214; baseline -0.008 -15"><span class='ocrx_word' id='word_1_337' title='bbox 122 4147 222 4200; x_wconf 64' lang='grc' dir='ltr'>εὔνοιαν</span> <span class='ocrx_word' id='word_1_338' title='bbox 239 4148 291 4198; x_wconf 76' lang='grc' dir='ltr'>τῶν</span> <span class='ocrx_word' id='word_1_339' title='bbox 307 4143 520 4214; x_wconf 71' lang='grc' dir='ltr'>ὄλωθσροῦντων·</span> <span class='ocrx_word' id='word_1_340' title='bbox 540 4140 668 4212; x_wconf 72' lang='grc' dir='ltr'>ἠπίστατο</span> <span class='ocrx_word' id='word_1_341' title='bbox 686 4143 737 4213; x_wconf 81' lang='grc' dir='ltr'>γὰρ</span> <span class='ocrx_word' id='word_1_342' title='bbox 755 4141 790 4197; x_wconf 69' lang='grc' dir='ltr'>ὡς</span> <span class='ocrx_word' id='word_1_343' title='bbox 808 4179 837 4196; x_wconf 84' lang='grc'>..</span> <span class='ocrx_word' id='word_1_344' title='bbox 854 4178 862 4194; x_wconf 93' lang='grc'><strong>.</strong></span> <span class='ocrx_word' id='word_1_345' title='bbox 879 4141 991 4210; x_wconf 70' lang='grc' dir='ltr'>εὐχερῶς</span> <span class='ocrx_word' id='word_1_346' title='bbox 1008 4138 1172 4192; x_wconf 80' lang='grc' dir='ltr'><strong>ἀπατῶνται.</strong></span> <span class='ocrx_word' id='word_1_347' title='bbox 1187 4175 1194 4190; x_wconf 93' lang='grc'><strong>.</strong></span> <span class='ocrx_word' id='word_1_348' title='bbox 1208 4175 1215 4190; x_wconf 91' lang='grc'><strong><em>.</em></strong></span> <span class='ocrx_word' id='word_1_349' title='bbox 1227 4135 1274 4204; x_wconf 77' lang='grc' dir='ltr'>τὴν</span> 
     </span>
     <span class='ocr_line' id='line_1_39' title="bbox 122 4220 1273 4283; baseline -0.006 0"><span class='ocrx_word' id='word_1_350' title='bbox 122 4228 219 4283; x_wconf 61' lang='lat' dir='ltr'>inurit</span> <span class='ocrx_word' id='word_1_351' title='bbox 230 4228 388 4282; x_wconf 72' lang='grc' dir='ltr'><strong>ε’λιιποῦσιν</strong></span> <span class='ocrx_word' id='word_1_352' title='bbox 405 4227 563 4282; x_wconf 77' lang='grc' dir='ltr'><strong>ὑπόστασιν.</strong></span> <span class='ocrx_word' id='word_1_353' title='bbox 599 4227 662 4282; x_wconf 90' lang='lat' dir='ltr'>The</span> <span class='ocrx_word' id='word_1_354' title='bbox 681 4224 831 4280; x_wconf 87' lang='lat' dir='ltr'>consilium</span> <span class='ocrx_word' id='word_1_355' title='bbox 850 4222 995 4278; x_wconf 88' lang='lat' dir='ltr'>consisted</span> <span class='ocrx_word' id='word_1_356' title='bbox 1013 4232 1042 4278; x_wconf 92' lang='lat' dir='ltr'>at</span> <span class='ocrx_word' id='word_1_357' title='bbox 1061 4222 1153 4276; x_wconf 87' lang='lat' dir='ltr'>Rome</span> <span class='ocrx_word' id='word_1_358' title='bbox 1171 4220 1205 4274; x_wconf 89' lang='lat' dir='ltr'>of</span> <span class='ocrx_word' id='word_1_359' title='bbox 1219 4220 1273 4276; x_wconf 88' lang='lat' dir='ltr'>five</span> 
     </span>
     <span class='ocr_line' id='line_1_40' title="bbox 122 4302 1273 4379; baseline -0.008 -11"><span class='ocrx_word' id='word_1_360' title='bbox 122 4320 253 4368; x_wconf 88' lang='lat' dir='ltr'>senators</span> <span class='ocrx_word' id='word_1_361' title='bbox 272 4311 329 4365; x_wconf 89' lang='lat' dir='ltr'>and</span> <span class='ocrx_word' id='word_1_362' title='bbox 348 4310 402 4366; x_wconf 86' lang='lat' dir='ltr'>five</span> <span class='ocrx_word' id='word_1_363' title='bbox 420 4309 537 4379; x_wconf 83' lang='lat' dir='ltr'>knights</span> <span class='ocrx_word' id='word_1_364' title='bbox 555 4310 646 4364; x_wconf 89' lang='lat' dir='ltr'>above</span> <span class='ocrx_word' id='word_1_365' title='bbox 667 4309 717 4364; x_wconf 91' lang='lat' dir='ltr'>the</span> <span class='ocrx_word' id='word_1_366' title='bbox 734 4325 788 4378; x_wconf 80' lang='lat' dir='ltr'>age</span> <span class='ocrx_word' id='word_1_367' title='bbox 805 4307 837 4363; x_wconf 89' lang='lat' dir='ltr'>of</span> <span class='ocrx_word' id='word_1_368' title='bbox 852 4307 980 4378; x_wconf 89' lang='lat' dir='ltr'>puberty‚</span> <span class='ocrx_word' id='word_1_369' title='bbox 998 4307 1061 4360; x_wconf 91' lang='lat' dir='ltr'>who</span> <span class='ocrx_word' id='word_1_370' title='bbox 1080 4314 1124 4360; x_wconf 88' lang='lat' dir='ltr'>sat</span> <span class='ocrx_word' id='word_1_371' title='bbox 1142 4321 1180 4359; x_wconf 92' lang='lat' dir='ltr'>on</span> <span class='ocrx_word' id='word_1_372' title='bbox 1199 4302 1273 4359; x_wconf 85' lang='lat' dir='ltr'>fixed</span> 
     </span>
     <span class='ocr_line' id='line_1_41' title="bbox 124 4388 1077 4464; baseline -0.008 -14"><span class='ocrx_word' id='word_1_373' title='bbox 124 4394 217 4464; x_wconf 85' lang='lat' dir='ltr'>days;</span> <span class='ocrx_word' id='word_1_374' title='bbox 237 4393 325 4449; x_wconf 87' lang='lat' dir='ltr'>Gaius</span> <span class='ocrx_word' id='word_1_375' title='bbox 339 4392 357 4449; x_wconf 90' lang='lat' dir='ltr'>i.</span> <span class='ocrx_word' id='word_1_376' title='bbox 370 4409 412 4463; x_wconf 86' lang='lat'>20,</span> <span class='ocrx_word' id='word_1_377' title='bbox 427 4392 543 4463; x_wconf 88' lang='lat' dir='ltr'>Ulpian,</span> <span class='ocrx_word' id='word_1_378' title='bbox 555 4410 612 4462; x_wconf 84' lang='lat' dir='ltr'>reg.</span> <span class='ocrx_word' id='word_1_379' title='bbox 630 4406 653 4447; x_wconf 86' lang='lat' dir='ltr'>r.</span> <span class='ocrx_word' id='word_1_380' title='bbox 669 4405 737 4461; x_wconf 62' lang='lat'>¹3⁶,</span> <span class='ocrx_word' id='word_1_381' title='bbox 751 4391 818 4460; x_wconf 83' lang='lat' dir='ltr'>Dig.</span> <span class='ocrx_word' id='word_1_382' title='bbox 835 4404 856 4445; x_wconf 88' lang='lat' dir='ltr'>r.</span> <span class='ocrx_word' id='word_1_383' title='bbox 873 4403 914 4443; x_wconf 85' lang='lat'>10.</span> <span class='ocrx_word' id='word_1_384' title='bbox 926 4405 968 4458; x_wconf 86' lang='lat' dir='ltr'>pr.</span> <span class='ocrx_word' id='word_1_385' title='bbox 981 4388 1038 4443; x_wconf 91' lang='lat' dir='ltr'>and</span> <span class='ocrx_word' id='word_1_386' title='bbox 1052 4403 1077 4443; x_wconf 89' lang='lat'>2.</span> 
     </span>
    </p>

    <p class='ocr_par' dir='ltr' id='par_1_10' title="bbox 161 4468 1273 4547">
     <span class='ocr_line' id='line_1_42' title="bbox 161 4468 1273 4547; baseline -0.006 -15"><span class='ocrx_word' id='word_1_387' title='bbox 161 4477 219 4546; x_wconf 61' lang='lat' dir='ltr'>ib.</span> <span class='ocrx_word' id='word_1_388' title='bbox 238 4478 296 4533; x_wconf 82' lang='lat' dir='ltr'>For</span> <span class='ocrx_word' id='word_1_389' title='bbox 312 4477 361 4534; x_wconf 87' lang='lat' dir='ltr'>the</span> <span class='ocrx_word' id='word_1_390' title='bbox 380 4493 513 4533; x_wconf 88' lang='lat' dir='ltr'>common</span> <span class='ocrx_word' id='word_1_391' title='bbox 538 4477 730 4547; x_wconf 85' lang='lat' dir='ltr'>employment</span> <span class='ocrx_word' id='word_1_392' title='bbox 754 4474 788 4531; x_wconf 90' lang='lat' dir='ltr'>of</span> <span class='ocrx_word' id='word_1_393' title='bbox 808 4473 900 4530; x_wconf 86' lang='lat' dir='ltr'>slaves</span> <span class='ocrx_word' id='word_1_394' title='bbox 919 4488 951 4529; x_wconf 83' lang='lat' dir='ltr'>as</span> <span class='ocrx_word' id='word_1_395' title='bbox 969 4468 1128 4543; x_wconf 86' lang='lat' dir='ltr'>paedagogi</span> <span class='ocrx_word' id='word_1_396' title='bbox 1150 4469 1186 4527; x_wconf 89' lang='lat' dir='ltr'>cf.</span> <span class='ocrx_word' id='word_1_397' title='bbox 1210 4468 1273 4525; x_wconf 89' lang='lat' dir='ltr'>Plu·</span> 
     </span>
    </p>
   </div>
   <div class='ocr_carea' id='block_1_7' title="bbox 0 0 1498 5048">
    <p class='ocr_par' dir='ltr' id='par_1_11' title="bbox 0 0 1498 5048">
     <span class='ocr_line' id='line_1_43' title="bbox 0 0 1498 5048; baseline 0 0"><span class='ocrx_word' id='word_1_398' title='bbox 0 0 1498 5048; x_wconf 95' lang='lat' dir='ltr'> </span> 
     </span>
    </p>
   </div>
  </div>
 </body>
</html>
