2986 5048
146 363 197 413 Tit.
206 357 240 424 y.]
257 356 370 428 QUOD
379 355 403 411 C
406 355 472 411 ΗΜ
476 354 533 409 EO
546 353 623 425 QUI
629 354 683 408 IN
686 353 850 408 ALIENA
860 354 946 409 POT
944 355 998 410 ES
1001 355 1053 410 TA
1061 357 1088 409 T
1085 356 1188 423 E,ET
1187 356 1218 412 C.
1231 360 1295 432 559

145 519 318 584 tributoria
340 519 477 601 expedit
500 539 607 600 agere,
635 517 737 582 modo
761 518 805 582 de
831 517 960 600 peculio
985 529 1019 583 et
1045 519 1079 583 in
1102 541 1171 584 rem
1190 541 1294 584 verso.

144 623 317 687 tributoria
346 623 421 686 ideo
448 623 586 704 expedit
615 641 721 704 agere,
747 623 825 704 quia
851 622 884 684 in
915 644 955 686 ea
984 623 1111 686 domini
1141 624 1293 687 condicio

144 726 320 808 praecipua
336 746 401 788 non
418 736 478 799 est,
494 726 527 788 id
549 734 599 789 est
617 727 706 806 quod
722 726 858 789 domino
874 726 1014 789 debetur
1029 747 1095 789 non
1111 728 1294 802 deducitur,

144 830 203 892 sed
222 830 370 892 eiusdem
391 828 468 892 iuris
488 839 539 893 est
559 829 722 903 dominus,
746 828 838 892 cuius
859 837 893 892 et
916 830 1015 892 ceteri
1035 830 1234 894 creditores:
1258 841 1294 897 at

144 933 178 995 in
194 933 324 995 actione
344 933 387 995 de
407 929 536 1014 peculio
556 941 634 996 ante
649 931 823 996 deducitur
838 932 928 1013 quod
947 932 1084 996 domino
1104 934 1244 996 debetur
1260 943 1294 998 et

144 1035 177 1098 in
207 1035 240 1099 id
272 1036 362 1117 quod
397 1034 559 1117 reliquum
593 1045 644 1099 est
673 1035 825 1100 creditori
856 1035 1011 1098 dominus
1040 1036 1290 1100 condemnatur.

144 1159 253 1202 rursus
279 1139 321 1202 de
348 1138 477 1220 peculio
503 1139 578 1202 ideo
605 1140 743 1221 expedit
766 1158 872 1221 agere,
901 1140 990 1222 quod
1017 1138 1050 1201 in
1073 1136 1136 1202 hac
1163 1140 1293 1203 actione

144 1243 246 1306 totius
261 1242 380 1323 peculii
396 1243 479 1306 ratio
496 1241 645 1317 habetur,
662 1251 697 1306 at
716 1242 749 1304 in
769 1242 943 1306 tributoria
959 1243 1028 1306 eius
1046 1252 1185 1318 tantum,
1202 1243 1292 1325 quod

145 1347 342 1428 negotiatur,
369 1355 403 1409 et
432 1354 543 1428 potest
572 1346 711 1430 quisque
740 1347 838 1409 tertia
862 1345 946 1409 sorte
971 1355 1065 1428 parte
1090 1344 1209 1429 peculii
1235 1356 1294 1410 aut

143 1459 261 1529 quarta
287 1447 340 1513 vel
367 1448 467 1512 etiam
492 1449 627 1513 minima
651 1450 820 1532 negotiari,
843 1450 1001 1513 maiorem
1024 1458 1136 1512 autem
1163 1458 1292 1531 partem

143 1552 176 1613 in
199 1553 343 1634 praediis
367 1562 400 1617 et
425 1552 595 1636 mancipiis
621 1562 679 1616 aut
705 1552 830 1616 fenebri
856 1552 995 1634 pecunia
1018 1550 1149 1615 habere.
1194 1562 1293 1634 prout

143 1674 222 1737 ergo
237 1656 383 1737 expedit,
400 1657 446 1719 ita
466 1656 605 1738 quisque
625 1657 678 1720 vel
701 1656 786 1719 hanc
803 1657 969 1720 actionem
990 1655 1043 1719 vel
1064 1655 1154 1718 illam
1171 1655 1292 1737 eligere

143 1758 261 1822 debet:
284 1769 372 1824 certe
388 1760 444 1841 qui
467 1769 578 1843 potest
599 1759 738 1841 probare
761 1761 793 1822 in
820 1778 889 1822 rem
909 1758 1034 1821 domini
1054 1779 1185 1822 versum
1209 1779 1291 1834 esse,

142 1861 185 1925 de
208 1862 241 1924 in
267 1883 336 1926 rem
360 1883 453 1927 verso
479 1883 577 1946 agere
606 1864 716 1927 debet
775 1861 873 1945 Quae
897 1863 1044 1925 diximus
1068 1863 1110 1925 de
1137 1882 1232 1926 servo
1255 1871 1323 1928 et6

141 1964 286 2042 domino,
313 1966 429 2029 eadem
456 1966 677 2050 intellegimus
703 1975 737 2029 et
763 1966 806 2029 de
832 1965 899 2029 filio
926 1974 958 2029 et
990 1965 1057 2030 filia
1083 1974 1141 2029 aut
1168 1976 1290 2048 nepote

143 2076 176 2130 et
200 2079 309 2150 nepte,
328 2079 423 2151 patre
443 2091 547 2133 avove
566 2070 657 2133 cuius
677 2070 709 2132 in
731 2078 898 2152 potestate
919 2078 1005 2133 sunt.
1052 2068 1139 2132 Illud
1159 2070 1322 2151 proprie?

142 2181 290 2235 servatur
315 2173 347 2234 in
375 2193 487 2236 eorum
514 2194 663 2256 persona,
689 2173 779 2256 quod
805 2183 938 2237 senatus
962 2172 1150 2237 consultum
1178 2173 1291 2236 Mace·

143 2274 322 2338 donianum
339 2275 506 2358 prohibuit
528 2288 659 2342 mutuas
679 2277 833 2360 pecunias
848 2278 918 2341 dari
940 2278 994 2350 eis,
1011 2277 1067 2358 qui
1089 2277 1122 2339 in
1143 2277 1290 2359 parentis

143 2387 238 2442 emnt
265 2388 450 2460 potestate:
482 2389 515 2443 et
545 2381 575 2443 ei
605 2382 661 2462 qui
687 2381 861 2444 crediderit
892 2382 1073 2461 denegatur
1102 2379 1189 2444 actio
1219 2390 1291 2444 tam

142 2482 298 2545 adversus
314 2483 421 2565 ipsum
438 2482 542 2546 lilium
558 2483 702 2548 filiamve
720 2492 876 2566 nepotem
893 2494 1079 2566 neptemve,
1095 2483 1163 2547 sive
1181 2482 1290 2548 adhuc

143 2585 175 2647 in
191 2595 357 2667 potestate
377 2597 461 2665 sunt,
480 2589 547 2650 sive
567 2596 673 2651 morte
690 2589 835 2670 parentis
855 2586 906 2650 vel
929 2586 1192 2669 emancipatione
1210 2606 1290 2651 suae

142 2691 317 2770 potestatis
332 2710 404 2753 esse
420 2681 596 2773 coeperint,
612 2710 712 2772 quarn
728 2691 885 2754 adversus
905 2699 1034 2771 patrem
1055 2710 1204 2765 avumve,
1221 2691 1290 2754 sive

77 2776 84 2786 ’
140 2789 264 2855 habeat
280 2812 336 2855 eos
351 2792 458 2856 adhuc
477 2793 510 2855 in
526 2803 692 2876 potestate
711 2795 779 2857 sive
800 2795 1063 2876 emancipaverit.
1107 2814 1193 2876 quae
1213 2794 1291 2857 ideo

142 2905 275 2957 senatus
298 2897 476 2977 prospexit,
499 2897 575 2978 quia
595 2917 695 2978 saepe
716 2898 842 2962 onerati
864 2918 940 2961 aere
960 2897 1068 2960 alieno
1091 2898 1289 2961 creditarum

139 3126 256 3195 pointed
269 3137 317 3182 out
330 3127 359 3181 in
372 3128 420 3182 the
432 3144 553 3198 passage
568 3127 643 3182 cited
660 3138 689 3183 at
707 3129 755 3184 the
773 3129 829 3183 end
846 3130 879 3184 ol
893 3141 959 3185 note
975 3147 1012 3184 on
1032 3129 1046 3200 §
1061 3146 1076 3199 3
1096 3148 1171 3201 supr.
1199 3131 1290 3185 Gaius

141 3209 189 3279 (iv.
203 3210 248 3279 74)
262 3210 357 3264 thinks
371 3212 418 3266 the
433 3211 537 3266 former
549 3211 666 3280 remedy
678 3229 710 3266 as
729 3230 747 3265 a
764 3213 823 3266 rule
841 3213 997 3282 preferable
1016 3225 1047 3268 to
1059 3215 1107 3268 the
1120 3216 1211 3269 latter.
1247 3216 1290 3268 As

140 3308 210 3346 soon
224 3310 256 3347 as
269 3294 317 3348 the
334 3293 429 3348 action
448 3293 572 3349 selected
591 3293 648 3347 had
666 3294 789 3349 reached
806 3294 862 3349 litis
879 3295 1057 3364 contestatio,
1071 3296 1119 3351 the
1138 3298 1218 3350 other
1231 3313 1289 3352 was

140 3375 337 3444 extinguished
350 3393 387 3430 on
400 3386 520 3431 account
533 3376 566 3431 of
578 3376 626 3431 the
643 3375 763 3446 identity
776 3375 809 3431 ol
822 3378 871 3432 the
888 3376 1044 3446 obligation
1059 3378 1150 3433 which
1162 3380 1229 3448 they
1242 3379 1290 3449 lay

141 3467 171 3511 to
186 3459 307 3527 enlorce,
322 3459 387 3529 Dig.
405 3474 443 3526 14
457 3474 482 3525 4
496 3474 522 3528 9.
538 3474 560 3514 1.
1073 3478 1079 3487 ·

176 3539 190 3610 §
204 3545 233 3596 6.
252 3544 307 3596 Eut
320 3543 368 3597 the
381 3542 584 3610 filiusfamilias,
597 3541 692 3597 unlike
705 3543 754 3597 the
768 3543 854 3610 slave,
868 3541 952 3596 could
963 3542 1000 3596 be
1013 3543 1083 3597 sued
1096 3542 1125 3597 in
1137 3560 1239 3613 person
1250 3561 1289 3599 on

139 3622 184 3678 his
197 3641 259 3678 own
272 3635 414 3680 contracts
426 3645 434 3692 ;
452 3626 495 3679 lor
506 3626 555 3680 the
568 3624 651 3680 effect
666 3626 699 3679 ol
707 3624 857 3695 judgment
874 3623 1026 3679 recovered
1043 3625 1154 3694 against
1167 3625 1226 3680 him
1239 3643 1289 3683 see

140 3721 177 3759 on
190 3706 245 3761 Tit.
261 3719 284 3776 5.
298 3722 313 3760 2
327 3725 401 3778 supr.
439 3707 609 3762 Sometimes
627 3717 677 3762 too
690 3724 708 3762 a
725 3724 792 3761 man
810 3723 867 3760 was
884 3706 969 3761 liable
986 3723 1024 3761 on
1036 3724 1055 3761 a
1066 3717 1193 3762 contract
1206 3709 1288 3765 when

140 3788 224 3846 made
236 3790 274 3858 by
283 3788 328 3844 his
340 3807 401 3858 son,
411 3791 462 3845 but
474 3801 524 3844 not
535 3790 615 3844 when
627 3789 711 3844 made
720 3789 759 3858 by
769 3789 813 3843 his
823 3789 901 3844 slave
913 3807 919 3843 :
939 3787 1007 3843 ‘sed
1017 3788 1041 3842 si
1055 3788 1127 3842 filius
1140 3789 1289 3845 fideiussor

139 3871 184 3926 vel
194 3871 274 3942 quasi
288 3871 460 3927 interventor
473 3883 606 3942 acceptus
620 3872 664 3940 sit,
675 3889 711 3926 an
722 3871 758 3926 de
771 3871 882 3941 peculio
896 3881 1004 3941 patrem
1017 3871 1124 3940 obligat
1137 3872 1286 3942 quaeritur.

140 3955 178 4010 Et
200 3964 243 4010 est
263 3972 330 4009 vera
352 3954 450 4010 Sabini
469 3965 497 4010 et
520 3954 612 4010 Cassii
635 3954 776 4010 sententia
797 3952 1018 4009 existimantium
1039 3971 1152 4025 semper
1170 3954 1289 4025 obligari

139 4047 249 4107 patrem
262 4038 298 4092 de
311 4037 430 4106 peculio,
443 4046 470 4092 et
484 4037 589 4094 distare
603 4038 631 4091 in
644 4039 699 4092 hoc
711 4055 729 4093 a
742 4039 839 4093 servo'
852 4037 918 4107 Dig.
935 4050 975 4107 ις.
991 4052 1011 4091 r.
1026 4052 1049 4106 3.
1064 4053 1089 4106 ᾳ

176 4118 190 4189 §
204 4124 232 4175 7.
250 4120 313 4174 The
325 4121 378 4174 last
392 4129 447 4174 two
460 4119 532 4175 lines
542 4120 575 4173 ol
584 4120 640 4174 this
653 4120 761 4176 section
772 4120 838 4175 lend
851 4137 931 4176 some
944 4120 1041 4174 colour
1053 4131 1083 4175 to
1095 4121 1144 4176 the
1157 4131 1234 4190 story
1246 4138 1288 4178 re·

139 4202 215 4258 lated
223 4203 261 4272 by
269 4200 452 4271 Theophilus,
460 4202 521 4257 that
534 4203 582 4258 the
597 4204 650 4259 SC.
663 4203 914 4272 Macedonianum,
922 4203 1013 4258 which
1023 4221 1080 4260 was
1088 4203 1193 4274 passed
1203 4203 1232 4259 in
1240 4206 1289 4260 the

139 4284 207 4340 time
220 4284 252 4339 ol
260 4282 351 4339 either
364 4283 498 4339 Claudius
511 4300 543 4338 or
555 4285 723 4355 Vespasian,
732 4285 849 4342 derived
862 4286 898 4341 its
911 4302 996 4342 name
1008 4286 1081 4341 from
1095 4304 1150 4343 one
1165 4288 1288 4342 Macedo

139 4369 202 4421 who
215 4364 380 4421 committed
393 4366 441 4421 the
454 4366 541 4421 crime
551 4367 583 4420 ol
592 4367 730 4437 parricide
743 4367 772 4421 in
785 4367 869 4423 order
877 4378 908 4423 to
917 4368 1020 4425 relleve
1033 4368 1149 4425 himself
1157 4369 1230 4423 from
1242 4370 1287 4425 his

138 4448 292 4523 pecuniary
300 4447 520 4517 difficultie55ct
526 4463 595 4521 p.41
606 4466 681 4523 supr.
700 4450 764 4508 The
772 4460 936 4509 enactment
945 4452 1054 4510 related
1061 4463 1091 4509 to
1099 4469 1136 4508 no
1145 4463 1287 4509 contracts
