2986 5048
129 373 180 426 Tit.
193 367 244 436 18]
459 363 520 423 DE
541 360 734 421 PUBLICIS
755 364 942 422 IUDICIIS.
1218 353 1281 437 607

130 529 301 594 infandam
323 527 494 593 libidinem
517 547 673 593 exercere
695 526 830 591 audent.
875 526 934 591 sed
955 526 1073 591 eadem
1098 525 1172 611 lege
1196 527 1280 592 Iulia

130 635 231 700 etiam
247 633 352 716 stupri
370 631 532 716 flagitium
552 632 698 714 punitur,
712 651 788 695 cum
810 629 883 712 quis
903 630 975 694 sine
997 631 1029 695 vi
1049 629 1101 694 vel
1119 631 1279 713 virginem

128 737 182 803 vel
207 737 343 802 viduam
368 735 509 800 honeste
536 735 704 800 viventem
731 733 936 816 stupraverit.
991 753 1135 817 poenam
1165 744 1279 800 autem

130 841 247 907 eadem
263 839 321 904 lex
336 839 458 923 irrogat
473 839 709 922 peccatoribus,
725 838 753 901 si
774 837 904 901 honesti
920 846 1005 914 sunt,
1022 836 1280 921 publicationem

129 944 232 1028 partis
261 944 418 1008 dimidiae
444 943 616 1022 bonorum,
638 945 666 1006 si
695 941 846 1021 humiles,
873 943 1018 1025 corporis
1047 943 1280 1007 coercitionem

129 1069 205 1113 cum
221 1047 430 1131 relegatione.
466 1048 551 1112 Item
565 1047 622 1112 lex
636 1045 790 1111 Cornelia
802 1049 844 1110 de
856 1047 987 1125 sicariis,
999 1066 1085 1129 quae
1096 1046 1280 1112 homicidas
1293 1059 1311 1114 5

129 1151 236 1217 ultore
258 1151 343 1216 ferro
365 1152 573 1235 persequitur
591 1150 643 1216 vel
667 1172 732 1229 eos,
749 1151 805 1234 qui
828 1149 970 1215 hominis
992 1150 1162 1215 occidendi
1181 1171 1281 1217 causa

129 1276 205 1320 cum
228 1255 297 1319 telo
318 1255 501 1322 ambulant.
545 1254 650 1320 telum
673 1264 795 1334 autem,
811 1263 848 1318 ut
869 1253 971 1318 Gaius
993 1262 1104 1317 noster
1126 1255 1159 1317 in
1179 1255 1280 1319 inter·

129 1361 316 1442 pretatione
338 1358 421 1440 legis
443 1359 619 1424 duodecim
638 1358 825 1422 tabularum
846 1358 1005 1441 scriptum
1027 1356 1165 1439 reliquit,
1179 1357 1280 1440 vulgo

128 1463 264 1544 quidem
288 1463 321 1527 id
348 1462 544 1545 appellatur,
569 1463 658 1545 quod
684 1462 727 1526 ab
751 1482 828 1527 arcu
854 1461 1012 1525 mittitur:
1040 1462 1099 1525 sed
1124 1470 1158 1525 et
1180 1481 1280 1528 omne

128 1565 338 1650 significatur,
369 1567 459 1649 quod
491 1587 590 1631 manu
621 1566 792 1631 cuiusdam
824 1565 985 1629 mittitur:
1016 1565 1162 1646 sequitur
1191 1585 1279 1647 ergo,

129 1679 167 1733 ut
196 1680 230 1735 et
261 1670 345 1753 lapis
375 1681 409 1736 et
439 1671 566 1754 lignum
596 1679 629 1734 et
659 1669 781 1734 ferrum
811 1668 875 1733 hoc
905 1670 1038 1732 nomine
1063 1669 1279 1734 contineatur.

128 1773 321 1856 dictumque
349 1773 393 1838 ab
423 1794 471 1852 eo,
497 1774 588 1856 quod
619 1775 652 1837 in
682 1772 898 1856 longinquum
930 1772 1079 1851 mittitur,
1102 1792 1123 1835 a
1154 1771 1280 1839 Graeca

128 1897 209 1942 voce
235 1877 421 1961 figuratum,
449 1875 508 1940 ἀπὸ
537 1881 588 1940 τοῦ
614 1881 725 1955 ephod:
757 1886 790 1940 et
820 1876 904 1941 hanc
934 1875 1206 1959 significationem
1232 1878 1280 1940 in-

127 1982 239 2047 venire
258 2002 433 2065 possumus
452 1991 486 2045 et
509 1981 542 2044 in
561 1980 690 2046 Graeco
713 1981 863 2044 nomine:
887 2000 964 2044 nam
986 1981 1076 2062 quod
1097 2001 1157 2043 nos
1173 1980 1280 2045 telum

127 2086 345 2170 appellamus,
366 2085 413 2149 illi
434 2084 529 2164 βέλος
546 2085 717 2169 appellant
739 2085 871 2148 ἀπὸτοῦ
892 2083 1074 2163 βάλλεσθαι.
1119 2084 1278 2151 admonet

128 2211 189 2253 nos
219 2188 419 2272 Xenophon,
450 2209 527 2254 nam
557 2184 605 2254 ila
630 2189 779 2273 scripsit:
810 2187 858 2252 καὶ
882 2190 919 2250 τὰ
941 2189 1021 2267 βέλη
1051 2189 1124 2267 ὁμοῦ
1147 2187 1278 2271 ἐφέρετο,

126 2294 247 2375 λόγχαι,
264 2293 433 2370 τοξεύματα,
453 2293 628 2372 σφενδόναι,
643 2297 780 2357 πλεῖστοι
798 2295 831 2355 δὲ
851 2289 898 2356 καὶ
919 2293 1009 2355 λίθοι.
1040 2291 1146 2357 sicarii
1166 2304 1278 2358 autern

127 2397 335 2481 appellantur
357 2417 377 2460 a
399 2397 475 2474 sica,
497 2398 586 2478 quod
614 2397 778 2479 significat
802 2396 943 2461 ferreum
966 2397 1118 2462 cultrum.
1161 2398 1279 2462 eadem

127 2501 201 2583 lege
225 2510 259 2564 et
282 2498 418 2563 venefici
444 2501 553 2582 capite
579 2501 790 2576 damnantur,
816 2501 873 2582 qui
899 2499 1025 2563 artibus
1052 2501 1184 2577 odiosis,
1209 2509 1280 2566 tam

126 2604 260 2670 venenis
289 2602 342 2668 vel
371 2603 508 2667 susurris
540 2604 677 2687 magicis
706 2603 857 2667 homines
888 2602 1080 2668 occiderunt
1106 2603 1159 2668 vel
1191 2603 1280 2669 mala

125 2904 168 2969 48.
185 2913 208 2971 5.
224 2917 246 2957 ι.
291 2901 354 2956 The
378 2898 516 2970 penalties
537 2897 629 2953 which
651 2898 671 2954 it
692 2899 780 2968 really
802 2894 928 2955 inflicted
952 2916 1030 2955 seem
1053 2909 1082 2954 to
1106 2899 1179 2956 have
1204 2899 1277 2957 been

126 2984 261 3055 relegatio
274 2982 302 3038 in
316 2983 436 3038 insulam
449 2982 506 3037 and
522 2981 623 3053 partial
637 2981 822 3037 confiscation
836 2982 869 3036 ol
882 2983 930 3037 the
942 2993 1076 3053 property
1088 2983 1120 3036 of
1128 2983 1198 3038 both
1211 3000 1279 3039 man

125 3069 184 3129 and
196 3084 315 3136 woman,
330 3067 406 3121 Paul.
420 3076 491 3121 sent.
505 3082 561 3120 rec.
576 3081 599 3119 2.
613 3065 654 3121 ad
673 3080 723 3128 14:
742 3064 777 3120 οἱ.
787 3066 856 3122 Τοο.
866 3066 939 3121 Ann
955 3081 977 3120 a
989 3078 1030 3135 50.
1046 3066 1079 3135 85
1094 3065 1138 3121 ‘in
1156 3065 1278 3122 insulam

125 3150 286 3209 ...abdita
304 3150 364 3218 est,'
382 3148 420 3203 ib.
439 3162 465 3218 3.
484 3163 519 3215 24
537 3148 721 3219 ‘lAugustus)
738 3149 881 3204 adulteros
899 3159 990 3204 morte
1009 3160 1057 3204 aut
1075 3149 1143 3220 suga
1160 3150 1278 3220 punivit,

126 3253 192 3292 suas
212 3235 273 3305 ipse
291 3233 368 3304 leges
387 3231 568 3303 egrediens:'
585 3232 623 3289 ib.
636 3247 663 3300 4.
675 3247 719 3300 42.
756 3233 813 3287 For
831 3232 911 3288 these
926 3231 1012 3287 death
1032 3249 1089 3287 was
1108 3233 1279 3290 substituted

126 3319 164 3388 by
178 3315 371 3385 Constantine,
386 3315 455 3371 Cod.
469 3330 495 3384 9.
508 3329 532 3384 9
547 3330 589 3384 3o
607 3330 639 3382 13
659 3315 680 3370 it
696 3331 790 3370 seems
807 3315 918 3384 usually
930 3324 960 3369 to
978 3315 1050 3371 have
1067 3316 1139 3371 been
1153 3315 1278 3373 inflicted

126 3418 163 3456 on
185 3403 233 3457 the
253 3417 363 3455 woman
385 3417 417 3454 as
440 3399 510 3468 well,
533 3398 679 3454 ‘adulterii
700 3399 928 3456 damnatam...
942 3398 967 3454 si
986 3415 1108 3469 poenam
1127 3401 1278 3472 capitalem

125 3485 260 3543 evaserit’
274 3484 346 3540 Cod.
359 3497 420 3553 99
435 3498 461 3552 9.

162 3570 312 3640 ‘Stuprum
331 3566 491 3636 committit,
511 3565 558 3638 qui
584 3566 703 3622 liberam
728 3564 875 3620 mulierem
897 3565 1110 3620 consuetudinis
1128 3583 1215 3624 causa
1228 3609 1235 3623 .
1248 3607 1278 3626 ..

125 3652 266 3708 continet’
279 3650 345 3720 Dig.
358 3651 402 3717 48.
416 3663 440 3719 5.
454 3665 496 3718 34.
511 3667 550 3720 pr.
600 3648 732 3719 Corporis
746 3647 880 3703 coercitio
894 3649 918 3704 is
932 3648 1089 3706 illustrated
1103 3650 1141 3719 by
1155 3651 1220 3721 Dig.
1233 3654 1277 3720 48.

128 3752 168 3806 19.
181 3736 207 3792 6.
226 3751 241 3789 2
261 3734 362 3789 ‘veluti
386 3732 503 3789 fustium
528 3732 694 3801 admonitio,
719 3732 896 3802 flagellorum
920 3731 1079 3802 castigatio,
1102 3731 1276 3790 vinculorum

125 3816 300 3876 verberatio.¹

162 3901 218 3974 §b
237 3904 300 3958 The
318 3903 362 3957 lex
382 3900 513 3956 Cornelia
532 3900 568 3955 de
586 3897 694 3954 sicariis
713 3910 741 3955 et
760 3897 894 3953 veneficis
909 3897 987 3967 (Dig.
1001 3899 1045 3965 48.
1061 3899 1086 3968 5)
1101 3916 1158 3954 was
1172 3903 1276 3970 passed

125 3990 163 4060 by
176 3990 254 4044 Sulla
267 3987 295 4043 in
309 3989 357 4042 the
370 3987 428 4042 tirst
442 4002 473 4040 or
486 3984 592 4040 second
605 4002 672 4053 year
683 3983 717 4038 ol
725 3983 769 4037 his
782 3982 977 4053 dictatorship,
991 3982 1056 4037 circ.
1069 3985 1101 4038 81
1118 3996 1174 4040 tte
1213 3988 1275 4042 The

125 4073 229 4142 charge
245 4088 282 4125 on
299 4069 390 4124 which
409 4067 530 4123 Roscius
548 4066 699 4121 Amerinus
716 4082 774 4120 was
793 4064 934 4120 defended
952 4065 991 4135 by
1004 4065 1104 4121 Cicero
1116 4084 1173 4122 was
1187 4067 1276 4124 based

124 4172 201 4226 upon
220 4154 256 4210 its
274 4151 440 4224 provisions.
488 4152 528 4206 lts
546 4149 685 4220 penalties
708 4166 780 4204 were
802 4164 893 4218 aquae
914 4157 941 4203 et
964 4147 1037 4218 ignis
1059 4148 1227 4219 interdictio,
1246 4163 1275 4208 to

125 4238 216 4293 which
229 4237 319 4308 Julius
333 4238 438 4292 Caesar
453 4233 548 4291 added
567 4233 717 4301 formitate,
732 4231 797 4301 Dig.
811 4232 854 4298 48.
869 4232 894 4286 8.
908 4246 933 4300 3.
948 4245 972 4301 5,
984 4233 1034 4288 but
1051 4232 1079 4286 in
1096 4250 1182 4304 many
1195 4251 1276 4291 cases

125 4322 211 4377 death
224 4338 282 4376 was
300 4319 443 4386 inflicted;
459 4318 526 4373 ‘sed
542 4318 632 4372 solent
650 4314 735 4370 hodie
748 4315 840 4385 capite
853 4315 953 4385 puniri,
971 4315 1025 4371 nisi
1038 4317 1200 4375 honestiore
1213 4320 1276 4376 loco

124 4404 210 4477 positi
223 4403 333 4473 luerint,
347 4412 376 4458 ut
389 4419 512 4473 poenam
525 4400 595 4471 legis
609 4399 781 4455 sustineant'
795 4397 861 4469 Dig.
875 4399 927 4455 loc.
941 4399 986 4456 cit.

161 4489 224 4544 The
236 4487 379 4548 reference
392 4495 422 4544 to
435 4485 596 4556 Xenophon
609 4482 633 4539 is
646 4492 676 4538 to
688 4481 780 4563 Anab.
796 4494 820 4554 5.
833 4496 857 4537 2.
875 4496 914 4552 14.
