2986 5048
225 341 290 410 602
428 349 779 409 INSTITUTIONUM
796 347 916 403 LIBRI
935 347 1170 419 QUATTUOR.
1256 346 1377 416 [tblv.

196 528 214 589 3
271 518 430 585 Omnium
449 528 560 584 autem
580 519 748 583 actionum
769 515 1044 581 instituendamm
1061 513 1257 598 principium
1276 515 1320 579 ab
1336 535 1378 579 ea

226 632 321 706 parte
337 622 436 687 edicti
453 646 466 705 1·
476 622 675 700 roficiscitur,
690 642 756 704 qua
772 630 904 703 praetor
918 620 1018 684 edicit
1033 619 1076 683 de
1091 620 1124 682 in
1140 619 1189 682 ius
1204 618 1376 683 vocando:

226 728 339 809 utique
354 728 441 790 enim
458 729 491 790 in
507 727 620 809 primis
636 725 840 790 adversarius
855 725 888 787 in
905 722 954 787 ius
964 724 1132 787 vocandus
1148 731 1207 799 est,
1218 722 1251 786 id
1268 731 1319 786 est
1331 721 1376 786 ad

225 850 301 893 eum
316 830 486 895 vocandus
502 841 560 905 est,
578 831 634 912 qui
655 831 705 893 ius
719 828 866 892 dictums
884 829 936 892 sit
979 847 1045 909 qua
1060 835 1154 910 parte
1169 836 1301 908 praetor
1315 846 1376 908 pa·

190 987 193 992 .
226 934 373 998 rentibus
387 943 421 998 et
437 935 590 1017 patronis,
605 935 684 996 item
706 933 817 997 liberis
837 931 1093 1016 parentibusque
1112 940 1325 1014 patronorum
1342 938 1378 994 et

225 1046 438 1119 patronamm
453 1037 540 1101 hunc
556 1046 702 1120 praestat
717 1035 886 1111 honorem,
903 1044 939 1099 ut
956 1054 1022 1098 non
1041 1034 1137 1099 aliter
1153 1033 1250 1097 liceat
1264 1031 1378 1096 liberis

225 1140 416 1223 libertisque
432 1161 489 1205 eos
503 1143 537 1205 in
553 1141 603 1204 ius
613 1161 739 1213 vocare,
752 1160 852 1222 quarn
868 1139 894 1202 si
910 1139 943 1202 id
956 1139 1000 1202 ab
1015 1139 1087 1220 ipso
1098 1146 1250 1221 praetore
1261 1144 1377 1219 postu·

225 1243 365 1308 laverint
387 1253 421 1309 et
443 1245 708 1328 impetraverint:
732 1253 766 1308 et
789 1243 816 1307 si
838 1243 914 1325 quis
934 1241 1029 1306 aliter
1046 1242 1221 1318 vocaverit,
1243 1239 1276 1302 in
1297 1257 1376 1303 eum

225 1366 369 1431 poenam
384 1347 563 1412 solidorum
580 1346 820 1431 quinquaginta
835 1346 1015 1412 constituit.

739 1572 853 1637 XVII.

606 1751 657 1802 ns
680 1749 828 1801 numero
850 1747 1001 1801 1un1crs.

269 1898 437 1985 Superest,
459 1911 497 1966 ut
519 1901 562 1966 de
585 1901 692 1965 officio
715 1899 830 1965 iudicis
852 1899 1074 1983 dispiciamus.
1120 1909 1153 1964 et
1180 1899 1315 1983 quidem
1343 1896 1377 1962 in

225 2006 341 2087 primis
363 2005 445 2069 illud
469 2006 643 2069 observare
669 2004 771 2069 debet
797 2004 909 2079 index,
935 2023 976 2067 ne
1000 2005 1096 2068 aliter
1117 2004 1251 2080 iudicet,
1273 2021 1377 2085 quam

197 2107 354 2191 llegibus
377 2117 434 2172 aut
459 2108 750 2173 constitutionibus
774 2116 833 2171 aut
857 2108 1002 2172 moribus
1029 2108 1196 2191 proditum
1224 2117 1282 2172 est.
1329 2105 1377 2179 Et

225 2211 301 2275 ideo
327 2213 354 2275 si
383 2211 496 2275 noxali
524 2211 644 2276 iudicio
673 2212 825 2275 addictus
856 2221 915 2290 est,
939 2213 1113 2277 observare
1138 2210 1249 2288 debet,
1275 2220 1321 2286 ut,
1349 2209 1377 2273 si

225 2317 497 2379 condemnandus
522 2315 689 2379 videbitur
718 2316 880 2394 dominus,
910 2315 957 2379 ita
987 2315 1108 2379 debeat
1138 2315 1377 2379 condemnare:

225 2418 396 2482 ‘Publium
421 2419 588 2483 Maeuium
612 2418 717 2482 Lucio
736 2419 827 2482 Titio
846 2420 962 2483 decem
983 2419 1090 2482 aureis
1111 2418 1296 2483 condemno
1318 2423 1378 2479 aut

195 2531 350 2587 2noxam
366 2518 507 2586 dedere.’
553 2521 598 2587 Et
615 2523 642 2587 si
658 2523 690 2586 in
707 2543 776 2587 rem
793 2533 904 2587 actum
919 2523 971 2602 sit,
987 2523 1055 2587 sive
1070 2531 1184 2586 contra
1200 2521 1377 2605 petitorem

226 2823 250 2878 2,
265 2809 336 2864 ‘hoc
355 2810 451 2866 edicto
469 2813 650 2869 continentur
662 2812 748 2868 etiam
767 2831 875 2881 omnes,
889 2813 936 2885 qui
949 2812 1043 2869 edicto
1059 2811 1197 2884 praetoris
1214 2822 1245 2866 ut
1257 2810 1378 2866 infames

224 2903 376 2948 notamur:
396 2894 443 2965 qui
461 2913 561 2952 omnes
577 2897 631 2952 nisi
650 2915 701 2968 pro
719 2916 750 2953 se
768 2908 797 2952 et
816 2898 899 2952 certis
918 2897 1046 2968 personis
1066 2915 1102 2953 ne
1118 2898 1275 2967 postulent'
1289 2896 1324 2950 ib.
1339 2894 1379 2963 8),

225 2976 282 3030 and
296 2978 356 3031 also
370 2996 427 3032 was
440 2989 470 3032 to
483 2997 500 3033 a
513 2982 590 3050 large
603 2991 698 3036 extent
712 2981 861 3051 incapable
874 2981 907 3035 of
919 2981 1006 3050 being
1017 2980 1199 3050 represented
1212 2978 1329 3033 himself
1339 2979 1379 3047 by

224 3075 261 3113 an
273 3071 358 3129 agent
372 3061 400 3115 in
409 3062 482 3131 legal
493 3081 617 3133 process,
628 3063 683 3119 Tit.
696 3079 734 3131 13.
749 3080 776 3119 tt
790 3064 846 3118 and
858 3074 939 3120 notes
947 3081 1022 3134 supr.
1034 3082 1041 3130 ;
1060 3065 1155 3133 finally
1166 3062 1271 3117 certain
1282 3061 1378 3115 matri·

226 3143 331 3197 monial
346 3144 514 3201 disabilities
528 3165 600 3202 were
613 3147 743 3217 imposed
759 3165 796 3201 on
814 3147 873 3202 him
886 3148 924 3217 by
937 3148 985 3202 the
1002 3149 1047 3202 lex
1065 3147 1136 3201 lulia
1153 3147 1189 3201 de
1202 3145 1378 3215 maritandiS,

227 3225 342 3296 Ulpian,
362 3244 420 3298 reg.
437 3244 476 3296 13.
493 3245 515 3284 1.
528 3245 553 3284 2.
601 3232 701 3285 Under
717 3230 867 3301 Justinian,
885 3231 1023 3300 however,
1042 3240 1117 3286 most
1136 3231 1167 3284 of
1181 3232 1262 3286 these
1279 3246 1379 3284 conse-

225 3326 349 3378 quences
365 3329 437 3366 were
451 3312 625 3383 inoperative
638 3331 670 3368 or
683 3315 818 3369 obsolete.

261 3393 318 3445 For
327 3395 375 3447 the
385 3395 520 3465 meaning
529 3397 643 3451 olactio
657 3397 765 3451 directa
777 3397 806 3451 in
820 3395 876 3453 this
889 3396 1057 3452 connection
1069 3415 1116 3452 see
1125 3413 1152 3466 p.
1162 3397 1213 3464 383
1222 3412 1297 3465 supr.
1309 3415 1316 3460 ;
1335 3396 1380 3449 for

224 3473 332 3543 ‘pacti'
354 3476 389 3530 cf.
404 3477 470 3547 Dig.
484 3494 507 3546 3.
523 3495 548 3535 2.
561 3481 585 3534 6.
600 3496 616 3548 3
630 3481 687 3534 and
706 3496 723 3547 4
743 3480 876 3550 ‘pactum
900 3480 942 3534 sic
967 3480 1130 3550 accipimus,
1151 3478 1174 3533 si
1197 3496 1261 3533 cum
1287 3477 1379 3546 pretio

224 3568 444 3630 quantocunque
469 3572 569 3630 pactus
598 3564 658 3631 est,'
678 3563 749 3617 Cod.
763 3578 787 3617 2.
805 3577 845 3617 η.
862 3564 893 3617 18
912 3563 1024 3618 ‘verum
1052 3573 1152 3633 pactos
1178 3579 1227 3616 eos
1253 3561 1378 3628 demum,

224 3639 271 3711 qui
292 3642 363 3696 ullos
381 3644 551 3700 adversariis
571 3664 702 3701 nummos
721 3664 772 3717 pro
790 3648 865 3702 mala
886 3646 1060 3702 conscientia
1077 3664 1111 3700 ex
1123 3644 1314 3701 transactione
1328 3660 1378 3698 nu·

224 3736 391 3794 merassent,
405 3725 433 3780 in
447 3728 501 3782 hac
514 3746 601 3783 causa
613 3730 719 3799 placuit
733 3729 876 3799 intellegi.'
912 3732 974 3785 The
988 3729 1200 3799 compounding
1216 3727 1249 3781 of
1262 3743 1280 3782 a
1292 3726 1378 3781 delict

224 3806 267 3861 lor
280 3823 383 3878 money
397 3808 420 3863 is
434 3827 466 3864 as
479 3811 536 3866 bad
549 3829 581 3866 as
594 3812 680 3882 being
693 3813 781 3868 found
794 3813 882 3883 guilty
895 3814 926 3867 of
936 3814 1041 3882 having
1053 3812 1219 3868 committed
1232 3810 1261 3865 it.

260 3888 274 3960 ξ
288 3894 317 3945 3.
337 3892 359 3944 F
362 3909 394 3945 or
407 3894 455 3947 the
469 3893 540 3948 form
553 3895 586 3948 of
599 3913 746 3951 summons
759 3898 850 3952 under
866 3897 1006 3967 Justinian
1024 3914 1072 3951 see
1088 3913 1125 3949 on
1138 3895 1194 3949 Tit.
1207 3894 1233 3948 6.
1246 3908 1280 3960 24
1293 3910 1378 3962 supr,

224 3975 281 4029 and
294 3974 337 4029 for
349 3977 397 4031 the
411 3995 558 4034 summons
576 3980 609 4033 of
623 3992 738 4050 parents
756 3982 814 4036 and
834 3992 950 4052 patrons
969 3981 1085 4037 without
1103 3983 1151 4035 the
1168 3980 1303 4051 praetors
1315 3996 1379 4048 per-

224 4057 341 4112 mission
356 4059 390 4114 cf.
406 4060 495 4115 Gaius
509 4061 543 4117 iv.
558 4064 601 4129 46.

259 4144 318 4195 'Pit
332 4145 437 4198 XVIL
453 4147 476 4198 1.
498 4147 555 4199 For
574 4148 657 4200 noxal
676 4147 786 4201 actions
806 4165 854 4202 see
872 4148 927 4203 Tit.
945 4148 961 4201 8
979 4164 1054 4218 supr.
1068 4148 1126 4202 and
1141 4156 1241 4202 notes:
1261 4145 1294 4200 cf.
1311 4145 1379 4214 Dig.

224 4225 372 4289 42.1.6.1
396 4227 512 4281 ‘decem
537 4240 585 4283 aut
610 4247 700 4285 noxae
724 4231 828 4286 dedere
854 4232 1060 4286 condemnatus
1085 4230 1201 4285 iudicati
1226 4229 1255 4283 in
1278 4228 1378 4283 decem

226 4316 344 4375 tenetur,
359 4309 523 4365 facultatem
537 4323 632 4369 autem
645 4331 736 4369 noxae
750 4314 872 4369 dedendi
886 4332 920 4369 ex
935 4317 997 4384 lege
1009 4314 1112 4384 accipit
1125 4333 1131 4368 :
1150 4324 1180 4368 at
1193 4311 1217 4367 is
1230 4312 1277 4383 qui
1291 4311 1379 4382 stipu-

228 4390 304 4444 latus
317 4401 360 4445 est
373 4392 473 4447 decem
487 4406 534 4450 aut
548 4412 639 4450 noxae
653 4396 756 4451 dedere
769 4415 826 4452 non
840 4409 933 4467 potest
947 4398 1047 4452 decem
1060 4398 1173 4466 petere!

266 4471 279 4542 §
295 4476 324 4527 2.
342 4476 368 4527 A
379 4475 533 4533 delendam
543 4480 636 4534 would
646 4480 681 4535 be
691 4481 809 4537 entitled
819 4492 848 4536 to
858 4481 927 4537 time
937 4481 1156 4536 forarestitutio
1174 4481 1234 4535 that
1245 4476 1269 4533 is
1279 4488 1309 4532 to
1318 4494 1379 4548 say,
