2986 5048
77 410 82 418 ,
189 340 252 429 338
393 344 746 404 INSYIYUTIONUM
763 342 883 400 LIBRI
901 344 1139 417 QUATTUOR.
1217 349 1287 416 [Lib.
1298 354 1348 410 111.

192 513 395 598 procedente
416 511 517 577 etiarn
540 509 698 593 nuptialia
717 507 936 574 instrumenta
958 529 1034 575 cum
1054 530 1094 576 ea
1112 509 1227 576 fecerit
1243 512 1348 577 filios-

193 639 260 701 que
274 617 327 682 vel
343 617 427 681 filias
441 615 612 680 habuerit:
635 633 701 677 non
715 613 822 676 solum
838 634 896 677 eos
917 612 1047 691 liberos,
1062 617 1119 699 qui
1134 626 1212 699 post
1228 617 1348 681 dotem

193 722 274 786 editi
304 730 390 797 sunt,
421 721 525 784 iustos
553 730 588 783 et
616 719 650 782 in
680 726 847 800 potestate
874 738 946 782 esse
968 720 1126 802 patribus,
1148 720 1209 785 sed
1241 722 1348 785 etiam

190 826 380 900 anteriores,
398 825 453 907 qui
470 823 569 889 ethis
584 822 640 907 qui
656 832 774 905 postea
797 823 867 886 nati
885 832 962 888 sunt
980 825 1187 888 occasionem
1201 822 1348 908 legitimi

190 928 333 993 nominis
356 928 611 1011 praestiterunt:
633 926 724 1009 quod
746 926 898 1007 optinere
919 926 1114 1005 censuimus,
1130 927 1263 992 etiamsi
1279 948 1348 992 non

189 1032 354 1114 progeniti
378 1031 498 1096 suerint
518 1039 596 1114 post
618 1028 731 1093 dotale
755 1029 1010 1095 instrumentum
1035 1029 1222 1095 coniectum
1249 1030 1348 1095 liberi

190 1136 243 1201 vel
271 1135 372 1198 etiam
403 1134 472 1198 nati
502 1134 545 1198 ab
572 1132 635 1197 hac
664 1131 738 1196 luce
764 1131 923 1196 subtracti
953 1132 1083 1198 luerint.
1128 1133 1182 1197 Ita
1205 1133 1349 1198 demum

190 1247 304 1303 tamen
326 1257 430 1319 nepos
451 1238 602 1320 neptisve
625 1244 658 1299 et
679 1244 844 1318 pronepos
866 1237 1078 1319 proneptisve
1096 1256 1230 1301 suorum
1250 1237 1349 1303 here·

190 1343 270 1406 dum
287 1360 424 1404 numero
445 1350 532 1418 sunt,
549 1339 576 1403 si
591 1338 792 1422 praecedens
814 1358 956 1421 persona
978 1339 1110 1404 desierit
1125 1338 1158 1403 in
1174 1349 1349 1422 potestate

190 1445 337 1528 parentis
359 1464 440 1522 esse,
455 1443 524 1507 sive
547 1450 654 1507 morte
676 1442 710 1506 id
734 1442 891 1507 acciderit
913 1443 982 1506 sive
1003 1442 1069 1507 alia
1089 1444 1227 1520 ratione,
1242 1444 1348 1509 veluti

192 1546 473 1629 emancipatione:
504 1566 583 1610 nam
606 1545 634 1609 si
657 1565 716 1629 per
742 1545 776 1608 id
799 1555 940 1629 tempus,
962 1567 1030 1629 quo
1054 1547 1128 1629 quis
1150 1558 1348 1625 moreretur,

191 1650 279 1715 filius
305 1652 338 1715 in
361 1660 529 1733 potestate
553 1650 624 1714 eius
647 1650 698 1728 sit,
714 1670 818 1733 nepos
836 1670 880 1714 ex
901 1671 941 1714 eo
963 1671 1042 1714 suus
1063 1648 1159 1715 heres
1181 1672 1257 1716 esse
1280 1672 1349 1718 non

191 1763 313 1837 potest.
350 1754 450 1837 idque
465 1763 498 1818 et
514 1754 547 1817 in
562 1755 679 1818 ceteris
694 1755 849 1836 deinceps
864 1752 1041 1818 liberorum
1054 1755 1203 1837 personis
1217 1754 1348 1820 dictum

192 1857 421 1941 intellegimus
466 1857 610 1940 postumi
625 1877 766 1940 quoque,
776 1857 841 1940 qui,
853 1857 881 1921 si
895 1858 971 1921 vivo
986 1865 1122 1940 parente
1137 1859 1207 1922 nati
1222 1868 1350 1949 essent,

162 1973 181 2029 3
194 1962 227 2025 in
243 1972 411 2045 potestate
426 1962 525 2027 futuri
547 1961 665 2037 forent,
681 1962 731 2024 sui
746 1958 884 2026 heredes
906 1971 992 2026 sunt.
1038 1961 1098 2027 Sui
1113 1971 1227 2026 autem
1244 1963 1348 2029 etiam

192 2068 382 2149 ignorantes
401 2066 484 2130 fiunt
506 2064 645 2130 heredes
668 2075 711 2145 et,
728 2065 805 2131 licet
826 2066 938 2130 furiosi
961 2066 1036 2143 sint,
1051 2066 1189 2131 heredes
1204 2077 1349 2150 possunt

194 2171 356 2234 existere:
381 2170 458 2252 quia
476 2169 596 2252 quibus
612 2191 656 2232 ex
672 2170 778 2234 causis
795 2170 1022 2252 ignorantibus
1041 2171 1225 2252 adquiritur
1239 2172 1348 2248 nobis,

194 2294 239 2336 ex
269 2272 320 2335 his
350 2272 457 2336 causis
488 2281 521 2336 et
551 2272 680 2337 furiosis
710 2273 839 2354 adquiri
869 2283 989 2355 potest.
1034 2282 1069 2339 et
1098 2275 1211 2338 statim
1238 2285 1349 2340 morte

194 2375 340 2459 parentis
369 2375 464 2458 quasi
489 2376 700 2439 continuatur
729 2376 933 2441 dominium:
971 2387 1005 2442 et
1034 2377 1109 2441 ideo
1139 2398 1200 2442 nec
1225 2377 1348 2443 tutoris

194 2479 391 2545 auctoritate
426 2500 510 2562 opus
541 2489 593 2543 est
626 2479 659 2543 in
695 2479 837 2563 pupillis,
870 2501 945 2545 curn
983 2481 1083 2545 etiam
1117 2480 1349 2565 ignorantibus

193 2584 378 2667 adquiritur
401 2583 468 2647 suis
493 2583 670 2648 heredibus
695 2581 880 2649 hereditas:
918 2605 978 2649 nec
1005 2586 1163 2650 curatoris
1184 2605 1349 2650 consensu

163 2688 378 2773 4adquiritur
403 2688 533 2766 furioso,
559 2689 618 2753 sed
645 2688 718 2771 ipso
743 2688 821 2752 iure.
868 2689 1041 2754 Interdum
1064 2698 1185 2765 autem,
1209 2688 1289 2756 licet
1314 2689 1349 2754 in

193 2803 362 2880 potestate
388 2794 503 2857 mortis
529 2800 680 2875 tempore
706 2814 785 2856 suus
810 2792 906 2858 heres
938 2815 1005 2858 non
1031 2795 1100 2869 suit,
1129 2804 1243 2860 tamen
1269 2815 1349 2859 suus

193 2900 290 2963 heres
304 2898 433 2981 parenti
451 2896 597 2975 efficitur,
612 2895 713 2960 veluti
729 2897 756 2960 si
772 2897 815 2960 ab
830 2895 981 2963 hostibus
996 2898 1070 2981 quis
1085 2918 1233 2962 reversus
1248 2895 1349 2963 suerit

115 3030 118 3037 ·
165 3018 182 3071 5
195 3011 272 3085 post
293 3010 434 3065 mortem
457 3000 559 3082 patris
581 2999 649 3063 sui:
674 3000 724 3063 ius
745 3001 832 3063 enim
854 3002 1047 3084 postliminii
1067 3002 1130 3066 hoc
1150 3001 1238 3066 facit.
1286 3002 1350 3067 Per

195 3104 393 3171 contrarium
415 3105 525 3168 evenit
539 3113 585 3183 ut,
600 3102 678 3169 licet
699 3105 773 3187 quis
796 3105 830 3168 in
852 3105 976 3171 familia
998 3105 1144 3171 defuncti
1167 3105 1210 3171 sit
1231 3108 1350 3172 mortis

194 3221 354 3295 tempore,
379 3218 492 3273 tamen
516 3230 593 3273 suus
620 3208 717 3273 heres
744 3230 810 3273 non
835 3209 902 3289 fiat,
921 3212 1023 3277 veluti
1050 3211 1078 3274 si
1104 3219 1180 3293 post
1204 3221 1350 3276 mortem

196 3335 290 3379 suam
318 3323 413 3398 pater
438 3313 600 3378 iudicatus
624 3313 722 3376 fuerit
754 3333 828 3376 reus
865 3314 1097 3397 perduellionis
1126 3333 1165 3377 ac
1194 3334 1255 3396 per
1284 3315 1349 3380 hoc

196 3418 355 3482 memoria
381 3417 451 3481 eius
474 3417 633 3482 damnata
656 3417 772 3483 fuerit:
807 3439 903 3482 suum
929 3418 1016 3481 enim
1040 3417 1198 3481 heredem
1222 3417 1350 3484 habere

196 3543 263 3585 non
286 3530 404 3604 potest,
419 3539 495 3585 cum
519 3519 616 3584 fiscus
638 3520 668 3585 ei
691 3521 848 3587 succedit.
892 3522 952 3587 sed
969 3530 1082 3605 potest
1102 3520 1167 3585 dici
1189 3520 1263 3604 ipso
1279 3522 1350 3589 iure

199 3821 238 3874 13.
249 3823 290 3878 pr.
305 3824 312 3862 ι
329 3806 378 3862 the
390 3816 458 3861 note
471 3821 508 3860 on
518 3803 609 3861 which
623 3802 730 3860 section
744 3804 799 3860 will
811 3805 872 3861 also
885 3803 996 3876 explain
1010 3805 1058 3860 the
1068 3801 1159 3859 words
1173 3802 1279 3876 ‘quiet
1292 3805 1350 3877 his,

196 3890 242 3961 qui
256 3901 357 3962 postea
368 3890 427 3945 nati
441 3898 515 3958 sunt,
528 3889 708 3944 occasionem
722 3888 840 3958 legitimi
852 3888 976 3944 nominis
989 3887 1207 3959 praestiterunt.’

233 3973 246 4044 ξ
261 3977 289 4029 3.
309 3973 358 4028 Sui
371 3973 500 4040 heredes,
510 3972 649 4040 however,
660 3973 744 4027 could
757 3984 806 4027 not
818 3973 854 4028 be
867 3971 1032 4043 prejudiced
1042 3971 1153 4041 against
1162 3970 1237 4027 their
1246 3970 1303 4027 will
1310 3972 1351 4043 by

195 4069 214 4133 a
227 4058 366 4112 damnosa
377 4056 529 4125 hereditas,
542 4072 574 4110 as
587 4056 655 4126 they
667 4056 789 4126 enjoyed
807 4057 855 4111 the
874 4055 1034 4127 praetorian
1054 4054 1243 4110 ‘beneficium
1261 4055 1350 4112 absti-

194 4139 283 4195 nendi
293 4142 300 4170 ²
312 4140 438 4194 whether
451 4139 542 4194 called
555 4149 585 4194 to
598 4139 719 4194 succeed
732 4140 823 4196 under
834 4158 852 4195 a
864 4139 919 4194 will
932 4156 965 4195 or
977 4140 1013 4194 ab
1026 4138 1179 4194 intestato:
1198 4154 1249 4194 see
1256 4139 1312 4195 Bk.
1320 4137 1347 4196 ii.

199 4237 239 4293 19.
254 4237 269 4276 2
282 4223 339 4277 and
352 4232 434 4278 notes
447 4240 521 4294 supr.

233 4306 248 4376 ξ
261 4309 291 4362 4.
310 4308 368 4360 For
379 4306 427 4362 the
441 4306 484 4361 ius
497 4304 661 4377 postliminii
675 4323 722 4361 see
735 4323 771 4360 on
786 4307 837 4361 Bk.
852 4322 874 4362 1.
888 4321 926 4361 12.
943 4318 956 4377 5
971 4324 1047 4377 supr.

234 4387 291 4457 §b
312 4390 353 4443 Os
366 4391 414 4444 the
430 4400 502 4444 term
519 4390 674 4461 perduellio
689 4392 791 4445 Festus
807 4407 872 4459 says
889 4389 994 4445 ‘hostis
1015 4388 1092 4460 apud
1113 4387 1247 4460 antiquos
1268 4406 1349 4461 pere·

192 4469 293 4542 'grinm
307 4472 462 4542 dicebatur,
476 4483 503 4528 et
517 4473 564 4543 qui
578 4489 653 4528 nunc
665 4473 757 4528 hostis
770 4472 927 4544 perduellio
939 4475 961 4529 :'
978 4474 1028 4528 the
1041 4472 1150 4528 offence
1160 4472 1184 4528 is
1192 4472 1311 4530 defined
1320 4473 1349 4528 in
