2986 5048
172 352 225 405 Tit.
235 349 287 420 19.]
309 347 370 403 DE
379 347 598 403 HEREDUM
607 346 769 419 QUALIT
766 348 794 403 A
800 349 827 402 T
824 348 854 402 E
862 347 921 402 ET
927 349 1175 406 DIFFERENT
1174 351 1232 410 ΙΑ.
1257 363 1319 431 273

165 516 342 580 intestatus
352 523 500 578 mortuus
512 512 563 592 sit,
572 513 678 596 prima
693 523 853 577 causaest
865 513 899 577 in
912 516 1118 580 successione
1134 516 1320 583 liberorum.

166 620 340 684 necessarii
355 639 433 684 vero
452 619 527 683 ideo
548 618 710 695 dicuntur,
730 619 807 701 quia
823 619 1025 697 omnimod0,
1049 621 1117 685 sive
1135 621 1238 686 velint
1253 623 1321 686 sive

166 723 280 800 nolint,
303 732 374 789 tam
400 723 443 787 ab
470 723 628 786 intestato
654 743 756 804 quam
776 743 821 785 ex
840 732 1041 788 testamento
1062 724 1201 789 heredes
1227 724 1320 789 fiunt.

165 829 225 896 sed
241 829 292 893 his
307 835 438 911 praetor
452 827 614 910 permittit
629 825 816 891 volentibus
831 826 997 891 abstinere
1019 849 1054 892 se
1069 827 1112 891 ab
1127 827 1321 908 hereditate,

165 942 204 996 ut
218 933 330 1016 potius
344 931 489 1013 parentis
510 950 611 1013 quam
633 929 778 1014 ipsorum
798 931 886 994 bona
905 931 1056 995 similiter
1069 952 1090 995 a
1105 932 1321 996 creditoribus

165 1037 407 1119 possideantur.

211 1139 330 1214 Ceteri,
345 1139 402 1221 qui
418 1137 587 1202 testatoris
602 1136 662 1200 iuri
678 1136 817 1201 subiecti
833 1157 897 1202 non
914 1148 1000 1214 sunt,
1018 1141 1167 1204 extranei
1183 1140 1320 1206 heredes
1334 1155 1352 1209 3

166 1241 385 1327 appellantur.
419 1242 531 1324 itaque
542 1239 635 1303 liberi
647 1260 780 1322 quoque
792 1241 903 1318 nostri,
914 1242 970 1324 qui
983 1241 1016 1303 in
1029 1250 1197 1324 potestate
1208 1255 1328 1309 nostra.

165 1366 233 1411 non
249 1355 334 1424 sunt,
349 1345 490 1410 heredes
509 1366 530 1409 a
550 1345 647 1409 nobis
666 1346 807 1409 instituti
828 1346 978 1408 extranei
999 1344 1138 1411 heredes
1158 1348 1320 1412 videntur.

165 1470 231 1531 qua
255 1450 298 1513 de
322 1469 421 1513 causa
451 1459 484 1513 et
514 1449 571 1531 qui
600 1448 738 1513 heredes
764 1469 785 1511 a
811 1458 916 1511 matre
946 1449 1171 1526 instituuntur,
1200 1453 1320 1516 eodem

165 1573 304 1617 numero
331 1561 418 1629 sunt,
444 1553 522 1636 quia
546 1552 689 1616 feminae
713 1553 747 1615 in
768 1561 935 1635 potestate
956 1551 1077 1618 liberos
1101 1575 1171 1630 non·
1187 1555 1319 1621 habent.

165 1677 278 1722 servus
294 1677 426 1740 quoque
441 1677 461 1720 a
477 1657 615 1720 domino
629 1656 724 1720 heres
745 1657 913 1720 institutus
932 1666 966 1719 et
984 1666 1060 1738 post
1080 1667 1319 1722 testamentum

164 1759 289 1825 sactum
308 1761 351 1825 ab
373 1782 412 1824 eo
433 1761 654 1825 manumissus
669 1761 788 1823 eodem
812 1781 949 1823 numero
964 1759 1113 1825 habetur.
1153 1762 1193 1827 In
1209 1772 1350 1831 extra-4

166 1866 237 1929 neis
251 1850 425 1929 heredibus
437 1864 518 1928 illud
530 1865 731 1943 observatur,
741 1873 779 1927 ut
794 1865 837 1928 sit
853 1865 988 1947 cumeis
1003 1867 1195 1930 testamenti
1208 1866 1318 1943 factio,

165 1969 234 2033 sive
246 1968 307 2051 ipsi
318 1968 455 2032 heredes
464 1969 677 2031 instituantur
686 1969 754 2030 sive
769 1966 802 2030 hi
814 1968 871 2050 qui
884 1969 916 2031 in
927 1978 1095 2052 potestate
1107 1990 1220 2033 eorum
1232 1978 1319 2035 sunt.

166 2080 200 2137 et
216 2071 249 2135 id
265 2071 395 2135 duobus
411 2071 615 2154 temporibus
631 2072 810 2155 inspicitur,
826 2074 1017 2137 testamenti
1032 2074 1168 2155 quidem
1184 2073 1270 2153 facti,
1282 2083 1321 2137 ut

166 2174 351 2240 constiterit
367 2176 541 2251 institutio,
558 2177 673 2238 mortis
684 2195 762 2238 vero
778 2177 954 2251 testatoris,
965 2186 1002 2240 ut
1018 2177 1171 2241 effectum
1187 2177 1320 2242 habeat.

165 2279 230 2344 hoc
258 2279 401 2362 amplius
425 2289 459 2344 et
488 2300 566 2343 cum
592 2280 663 2343 adit
688 2278 919 2353 hereditatem,
943 2301 1014 2345 esse
1045 2280 1145 2344 debet
1174 2302 1250 2345 cum
1280 2304 1320 2346 eo

165 2386 357 2448 testamenti
373 2382 481 2461 factio,
493 2383 562 2446 sive
573 2404 656 2466 pure
671 2382 740 2447 sive
755 2383 818 2465 sub
834 2384 1026 2449 condicione
1040 2382 1135 2449 heres
1151 2374 1321 2449 institutu's

167 2488 230 2551 sit:
260 2507 337 2550 nam
361 2488 410 2550 ius
434 2485 564 2550 heredis
589 2507 628 2549 eo
655 2484 707 2548 vel
735 2486 882 2550 maxime
904 2496 1056 2570 tempore
1080 2488 1320 2571 inspiciendum

166 2639 294 2695 Trinum.
308 2656 332 2695 2.
347 2656 371 2695 2.
385 2641 430 2707 48,
447 2641 539 2694 where
555 2656 573 2694 a
594 2656 647 2694 son
668 2656 734 2707 says
756 2649 786 2693 to
809 2639 853 2693 his
875 2640 967 2693 father
989 2640 1041 2695 ‘de
1051 2657 1134 2694 meo:
1160 2658 1227 2694 nam
1244 2641 1322 2711 quod

165 2726 289 2792 tuum’st,
301 2725 449 2792 meum’st,'
467 2724 502 2778 cs.
516 2724 578 2777 also
597 2724 733 2790 Terence,
748 2724 853 2777 Heaut.
870 2738 892 2776 1.
910 2738 930 2775 1.
945 2736 989 2791 79,
1003 2723 1061 2777 Cic.
1075 2723 1104 2776 in
1118 2724 1197 2777 Verr.
1209 2739 1233 2777 2.
1251 2738 1272 2776 1.
1285 2738 1321 2789 44

166 2806 351 2878 ‘quibuscum
381 2807 409 2874 (i.
419 2824 444 2862 e.
475 2823 509 2861 ex
539 2805 647 2876 liberis)
676 2804 730 2860 vivi
761 2806 837 2860 bona
863 2796 1017 2875 partimur?
1048 2806 1138 2875 Pliny,
1157 2823 1258 2876 paneg.
1279 2821 1321 2874 37,

166 2891 319 2960 Ausonius,
338 2891 409 2960 Idyl.
428 2907 452 2960 3.
471 2906 496 2959 3.

202 2974 273 3030 This
288 2974 476 3030 ‘beneficium
489 2973 667 3030 abstinendi’
683 2973 833 3043 exempted
849 2991 866 3028 a
884 2991 950 3030 suus
969 2975 1049 3030 heres
1067 2975 1139 3028 from
1152 2976 1189 3028 all
1201 2973 1321 3043 liability

166 3058 211 3114 ior
228 3058 273 3112 his
291 3060 394 3130 pater¹s
414 3058 506 3126 debts‚
520 3059 560 3113 ‘si
580 3076 611 3112 se
631 3057 781 3112 hereditati
800 3074 858 3112 non
884 3057 1088 3125 immiscuerit,'
1107 3058 1124 3112 i.
1132 3075 1157 3113 e.
1177 3057 1201 3111 it
1215 3059 1252 3113 he
1271 3058 1321 3112 did

166 3141 287 3212 nothing
299 3143 371 3197 from
384 3142 476 3196 which
494 3152 668 3212 acceptance
687 3141 720 3195 ol
733 3142 781 3196 the
802 3140 945 3195 hereditas
962 3142 1046 3197 could
1060 3141 1096 3197 be
1115 3141 1236 3196 inserted
1246 3162 1253 3207 ;
1272 3141 1320 3195 ‘ut

167 3223 298 3295 quamvis
311 3224 498 3280 creditoribus
511 3223 690 3280 hereditariis
704 3224 764 3279 iure
777 3223 850 3277 civili
865 3234 1022 3293 teneantur,
1035 3235 1132 3280 tamen
1145 3223 1173 3278 in
1187 3241 1236 3278 eos
1245 3224 1320 3278 actio

166 3324 225 3362 non
237 3308 327 3376 detur,
341 3308 364 3362 si
379 3308 467 3363 velint
483 3306 678 3379 derelinquere
697 3307 899 3362 hereditatem’
913 3306 977 3376 Dig.
993 3322 1035 3376 29.
1050 3322 1074 3360 2.
1091 3321 1130 3376 57.
1144 3324 1185 3377 pr.
1201 3327 1208 3373 ;
1232 3305 1289 3360 and
1302 3323 1320 3360 a

166 3407 235 3446 suus
247 3391 329 3446 heres
342 3392 405 3446 who
417 3409 475 3446 was
492 3409 510 3446 a
531 3391 623 3446 minor
635 3408 692 3445 was
711 3401 761 3445 not
781 3390 946 3460 prejudiced
961 3408 1032 3445 even
1050 3391 1088 3459 by
1103 3391 1173 3444 such
1193 3390 1319 3444 ‘immix-

166 3473 272 3546 tiou,'§
288 3488 301 3545 5
317 3475 373 3544 ini,
388 3475 454 3545 Dig.
469 3491 510 3545 29.
526 3491 549 3530 2.
566 3488 606 3545 57.
621 3492 661 3545 pr.
676 3475 732 3529 and
750 3490 771 3528 1.
809 3475 872 3528 The
889 3475 977 3529 result
993 3475 1025 3528 oi
1039 3473 1095 3528 this
1114 3473 1249 3544 privilege
1262 3490 1319 3527 was

167 3558 332 3629 practically
347 3569 376 3613 to
393 3559 549 3614 assimilate
567 3558 616 3613 the
634 3576 702 3612 suus
719 3568 752 3612 et*
764 3557 941 3612 necessarius
956 3558 1038 3613 heres
1055 3569 1085 3612 to
1100 3574 1137 3611 an
1150 3567 1319 3622 extraneus3

166 3642 379 3712 consequently,
392 3642 429 3696 he
442 3641 535 3709 could,
543 3640 599 3695 like
611 3642 660 3695 the
674 3642 765 3708 latter,
778 3640 815 3695 be
828 3640 987 3710 compelled
999 3640 1037 3708 by
1049 3642 1097 3694 the
1110 3639 1275 3710 magistrate
1288 3650 1319 3692 to

167 3722 269 3779 decide
281 3724 378 3779 within
391 3742 409 3779 a
425 3724 589 3795 prescribed
606 3723 674 3779 time
690 3724 816 3778 whether
832 3724 868 3777 he
886 3734 981 3778 meant
997 3734 1027 3778 to
1040 3723 1114 3777 avail
1127 3722 1242 3777 himself
1251 3722 1284 3776 os
1297 3722 1317 3778 it

167 3821 201 3861 or
210 3816 270 3876 not,
285 3805 351 3877 Dig.
367 3808 408 3861 28.
423 3809 449 3861 8.
463 3822 488 3874 7.
502 3825 553 3878 pr,
568 3806 638 3860 Cod.
647 3806 673 3860 6.
685 3821 727 3874 30.
742 3821 782 3875 19.
804 3806 832 3859 Is
842 3807 877 3859 he
891 3806 949 3874 did,
962 3806 998 3860 he
1011 3823 1068 3860 was
1081 3805 1190 3860 treated
1204 3822 1236 3859 as
1248 3804 1272 3858 if
1281 3805 1318 3860 he

167 3905 226 3944 was
237 3899 288 3945 not
306 3890 467 3959 really-heir
484 3900 512 3944 at
532 3891 585 3956 all;
605 3890 640 3943 he
658 3890 715 3944 had
733 3889 839 3958 merely
853 3889 977 3942 ‘nudum
990 3905 1095 3943 nomen
1109 3887 1237 3943 heredis'
1251 3888 1317 3958 Dig.

167 3971 211 4039 38.
225 3985 265 4038 17.
277 3987 301 4026 2.
311 3973 336 4041 8,
355 3973 448 4027 ‘hunc
463 3972 510 4042 qui
526 3971 662 4027 abstinuit
680 3981 793 4041 praetor
806 3988 864 4025 non
881 3972 967 4026 habet
981 3971 1092 4026 heredis
1105 3972 1183 4025 loco’
1197 3970 1262 4039 Dig.
1277 3986 1317 4024 11.

170 4068 193 4108 1.
211 4069 250 4108 12.
263 4071 304 4124 pr.
342 4056 561 4126 Consequently,
579 4056 628 4110 the
647 4053 821 4108 inheritance
838 4054 956 4109 became
975 4054 1078 4123 delata,
1092 4054 1120 4107 in
1138 4055 1186 4108 the
1204 4054 1262 4107 tirst
1276 4052 1318 4106 in-

167 4146 275 4207 stance,
296 4148 327 4193 to
348 4139 396 4193 the
418 4139 571 4207 substituti,
587 4138 653 4207 Dig.
666 4153 710 4204 42.
727 4152 749 4191 r.
762 4152 806 4204 44,
825 4137 882 4191 and
902 4137 930 4191 in
949 4137 1054 4192 deiault
1074 4137 1107 4190 os
1120 4137 1201 4192 these
1220 4147 1250 4192 to
1268 4137 1318 4191 the

167 4220 288 4275 heredes
300 4221 338 4275 ab
351 4220 485 4277 intestato
498 4221 527 4276 in
539 4221 614 4276 their
626 4220 735 4275 several
748 4220 867 4288 degrees
880 4221 912 4273 os
921 4219 1080 4290 proximity,
1092 4219 1157 4288 Dig.
1167 4235 1209 4289 29.
1222 4235 1243 4273 1.
1254 4234 1280 4287 4.
1291 4233 1317 4288 7,

166 4302 227 4357 and
238 4301 267 4358 in
280 4303 329 4358 the
342 4304 397 4358 last
408 4309 499 4359 resort
512 4313 542 4358 to
554 4303 603 4358 the
617 4303 710 4357 fiscus.
741 4304 804 4357 The
816 4303 985 4357 beneficium
999 4301 1160 4357 abstinendi
1173 4301 1278 4372 passed
1287 4313 1317 4358 to

165 4385 217 4441 the
228 4384 305 4440 beirs
317 4385 350 4440 ot
357 4387 406 4442 the
419 4386 567 4442 instituted
580 4403 656 4454 suus,
672 4385 737 4455 Dig.
752 4400 795 4454 29.
809 4400 833 4440 2.
846 4399 872 4452 7.
889 4401 910 4453 1,
925 4385 996 4441 cod.
1010 4386 1036 4441 6.
1051 4400 1093 4453 30.
1110 4399 1148 4454 ru

205 4466 264 4541 3⁴.
283 4470 341 4525 For
352 4469 530 4527 ‘testamenti
546 4469 633 4525 factio
647 4469 776 4542 passiva’
789 4485 837 4525 see
849 4485 886 4524 on
900 4469 956 4525 Tit.
973 4482 1012 4535 14
1025 4485 1076 4541 pr,
1089 4468 1145 4524 Tit.
1162 4481 1201 4537 17.
1211 4468 1229 4524 6
1241 4485 1317 4540 supr.

730 4567 755 4617 T
