2986 5048
173 366 226 420 'l'lt
239 359 292 427 ld]
403 358 465 415 DE
484 357 716 416 PUPILLARI
731 357 757 415 S
761 357 912 413 UBSTIT
915 357 1083 415 UTIONE.
1258 351 1321 436 263

170 544 259 609 quae
281 533 459 608 postquam
479 523 624 608 pupillus
643 523 825 588 adoleverit
845 522 1037 589 infirmatur.
1082 522 1189 607 Igitur
1203 522 1236 587 in
1259 532 1350 607 pu-2

170 628 280 710 pillari
294 629 528 693 substitutione
540 628 723 692 secundum
738 626 922 709 praelatum
935 628 1072 692 modum
1087 628 1239 694 ordinata
1254 630 1322 693 duo

171 733 423 815 quodammodo
448 741 526 797 sunt
551 741 761 807 testamenta,
786 732 927 797 alterurn
953 733 1064 815 patris,
1087 734 1230 799 alterum
1256 732 1322 811 filii,

170 846 344 920 tamquam
370 838 398 901 si
427 839 498 920 ipse
525 836 611 902 filius
633 838 695 901 sibi
721 837 876 902 heredem
899 838 1115 902 instituisset:
1149 848 1208 905 aut
1234 846 1322 905 certe

171 961 275 1006 unum
293 952 344 1007 est
359 951 596 1007 testamentum
612 943 751 1007 duarum
767 962 949 1020 causarum,
959 943 994 1004 id
1010 951 1060 1007 est
1075 941 1215 1007 duarum
1229 941 1323 1006 here·

170 1045 325 1110 ditatum.
370 1044 432 1111 Sin
451 1056 564 1111 autem
586 1047 660 1128 quis
682 1047 729 1111 ita
748 1045 980 1111 formidolosus
997 1046 1050 1123 sit,
1068 1055 1106 1112 ut
1122 1047 1263 1121 timeret,
1279 1058 1352 1112 net

170 1147 256 1213 filius
282 1149 354 1213 eius
382 1148 526 1231 pupillus
551 1148 661 1215 adhuc
694 1170 739 1213 ex
768 1170 818 1224 eo,
844 1149 933 1231 quod
964 1148 1075 1230 palam
1104 1150 1323 1215 substitutum

169 1252 306 1336 accepit,
337 1265 413 1335 post
443 1254 571 1318 obitum
600 1255 669 1317 eius
703 1253 848 1337 periculo
879 1253 1069 1317 insidiarum
1101 1254 1322 1320 subiceretur:

169 1355 339 1439 vulgarem
365 1357 500 1439 quidem
528 1357 796 1423 substitutionem
826 1357 938 1439 palam
963 1356 1070 1421 lacere
1097 1366 1131 1421 et
1153 1358 1187 1421 in
1209 1359 1323 1440 primis

169 1460 363 1524 testamenti
387 1460 536 1542 partibus
561 1459 671 1539 debet,
701 1460 793 1527 illam
822 1471 935 1526 autem
961 1459 1240 1538 substitutionem,
1263 1481 1323 1543 per

169 1582 272 1645 quam
286 1572 321 1627 et
336 1564 364 1627 si
378 1562 475 1629 heres
490 1565 638 1630 extiterit
658 1563 802 1647 pupillus
821 1574 854 1629 et
876 1565 961 1627 intra
981 1564 1192 1645 pubertatem
1208 1564 1321 1629 deces-

170 1667 250 1730 serit
275 1667 473 1732 substitutus
498 1678 644 1746 vocatur,
673 1669 851 1750 separatim
877 1669 911 1731 in
941 1666 1145 1731 inferioribus
1174 1669 1323 1750 partibus

169 1769 311 1836 scribere
330 1791 471 1854 eamque
490 1782 620 1855 partem
638 1773 771 1855 proprio
790 1772 859 1837 lino
878 1772 1076 1854 propriaque
1097 1791 1173 1836 cera
1192 1770 1322 1855 consig-

170 1892 250 1938 nare
265 1876 348 1939 etin
363 1877 472 1958 priore
485 1886 580 1960 parte
599 1875 792 1942 testamenti
812 1897 934 1956 cavere,
950 1897 993 1941 ne
1007 1875 1174 1941 inferiores
1188 1876 1323 1943 tabulae

169 1979 245 2043 vivo
259 1978 326 2043 filio
342 1989 377 2045 et
391 1980 501 2046 adhuc
518 1982 692 2064 impubere
708 1983 909 2065 aperiantur.
953 1981 1034 2045 illud
1055 1981 1166 2064 palam
1189 1992 1240 2047 est
1256 2001 1322 2045 non

170 2083 247 2149 ideo
261 2086 368 2150 minus
377 2085 486 2151 valere
501 2087 772 2154 substitutionem
783 2087 963 2170 impuberis
979 2086 1045 2165 filii,
1060 2087 1150 2169 quod
1165 2087 1200 2150 in
1215 2086 1322 2151 isdem

169 2188 292 2254 tabulis
315 2192 441 2275 scripta
464 2192 515 2270 sit,
542 2192 662 2274 quibus
688 2192 750 2256 sibi
773 2193 913 2276 quisque
938 2191 1094 2257 heredem
1118 2191 1322 2270 instituisset,

168 2295 321 2375 quamvis
350 2295 414 2360 hoc
443 2297 569 2379 pupillo
600 2297 821 2380 periculosum
851 2298 904 2363 sit.
962 2296 1041 2361 Non
1071 2295 1178 2362 solum
1207 2304 1352 2362 autem4

168 2396 346 2464 heredibus
361 2400 521 2465 institutis
531 2401 756 2482 impuberibus
772 2401 883 2466 liberis
899 2402 945 2466 ita
957 2401 1156 2466 substituere
1168 2411 1322 2482 parentes

167 2512 315 2585 possunt,
338 2513 376 2568 ut
401 2513 436 2568 et
461 2505 489 2569 si
512 2502 651 2570 heredes
677 2505 724 2570 eis
751 2506 924 2570 extiterint
951 2514 986 2569 et
1011 2515 1090 2570 ante
1111 2503 1322 2586 pubertatem

168 2607 291 2671 mortui
306 2606 435 2683 fuerint,
456 2609 500 2673 sit
519 2609 567 2673 eis
587 2608 683 2674 heres
703 2609 731 2673 is
750 2628 851 2691 quem
871 2610 933 2691 ipsi
948 2607 1120 2682 voluerint,
1139 2607 1198 2672 sed
1220 2608 1321 2673 etiam

167 2819 275 2891 special
293 2819 462 2890 permission
476 2821 550 2876 from
568 2823 618 2879 the
636 2824 777 2892 Emperor
794 2839 812 2877 a
830 2821 922 2876 father
940 2819 1030 2890 might
1047 2836 1132 2874 name
1144 2835 1181 2875 an
1199 2817 1263 2873 heir
1279 2818 1323 2873 for

167 2921 187 2961 a
207 2903 285 2960 child
306 2905 369 2958 who
389 2920 447 2958 was
467 2922 504 2960 on
524 2906 607 2961 other
630 2906 755 2976 grounds
777 2904 907 2960 disabled
930 2903 1003 2958 from
1027 2902 1144 2971 making
1163 2918 1182 2958 a
1200 2901 1255 2954 will
1279 2901 1323 2956 for

168 2988 289 3057 himself,
302 2989 353 3042 but
371 2989 442 3043 such
460 2989 656 3059 appointment
675 2990 794 3045 became
806 2988 872 3042 void
891 2988 916 3041 if
930 2989 978 3043 the
993 2985 1153 3057 incapacity
1165 2985 1277 3054 ceased,
1290 3001 1323 3040 or

168 3072 217 3128 the
229 3071 307 3126 child
318 3071 377 3127 had
389 3089 407 3127 a
420 3088 488 3127 suus
500 3073 583 3128 heres
595 3075 667 3128 born
680 3083 710 3128 to
723 3072 791 3141 him,
805 3072 870 3141 Dig.
885 3072 925 3126 28.
940 3071 966 3127 6.
978 3085 1021 3138 43.
1035 3087 1075 3140 pr.

204 3157 263 3223 58.
289 3157 323 3211 ln
348 3173 390 3226 pr.
414 3157 463 3212 the
484 3156 652 3212 substitutus
677 3157 701 3210 is
726 3156 790 3211 said
813 3166 844 3210 to
867 3156 986 3210 become
1010 3153 1072 3209 heir
1096 3163 1126 3208 to
1150 3154 1199 3208 the
1226 3151 1321 3208 child:

168 3238 269 3296 earlier
292 3240 329 3295 he
349 3257 441 3295 seems
465 3241 561 3295 rather
580 3251 610 3295 to
635 3241 707 3295 have
732 3240 804 3294 been
827 3238 965 3308 regarded
990 3254 1022 3292 as
1047 3253 1195 3292 successor
1217 3245 1248 3290 to
1272 3237 1321 3291 the

167 3323 269 3387 father,
279 3323 318 3378 ‘si
329 3323 397 3377 mihi
411 3323 484 3379 filius
496 3323 628 3394 gignitur,
641 3324 722 3394 isque
734 3322 811 3394 prius
825 3322 942 3377 moritur
956 3321 1054 3392 [quam
1067 3321 1095 3375 in
1109 3337 1190 3375 suam
1202 3321 1321 3375 tutelam

167 3406 272 3474 veniat,
284 3405 336 3477 sc.]
353 3416 413 3461 tum
432 3417 463 3462 ut
481 3406 550 3461 mihi
568 3407 615 3462 ille
634 3407 670 3461 sit
689 3406 785 3461 heres’
798 3405 857 3461 Cic.
871 3405 907 3461 de
919 3414 989 3460 orat.
1003 3420 1026 3459 2.
1042 3419 1087 3474 32,
1099 3404 1173 3458 ‘non
1190 3402 1256 3472 filio,
1269 3403 1321 3459 sed

167 3488 238 3547 sibi'
249 3490 285 3545 de
297 3490 401 3546 invent.
417 3505 442 3547 2.
454 3506 504 3557 2¹3
522 3491 557 3545 cf.
572 3490 636 3560 Dig.
651 3503 693 3558 37.
713 3505 752 3545 11.
765 3490 789 3544 8.
807 3505 827 3544 1.

203 3573 266 3629 The
284 3573 424 3645 pupillary
440 3573 631 3641 substitution,
653 3591 684 3628 as
709 3590 830 3643 appears
854 3573 927 3626 from
947 3570 961 3643 ξ
978 3571 1065 3642 3inf,
1087 3570 1177 3641 might
1195 3569 1232 3625 be
1254 3586 1320 3624 con-

166 3656 265 3715 tained
283 3657 312 3713 in
331 3675 349 3713 a
366 3669 496 3729 separate
515 3658 691 3727 instrument,
709 3674 741 3711 or
759 3674 830 3712 even
850 3655 879 3710 in
898 3673 915 3711 a
934 3665 1065 3725 separate
1078 3654 1141 3724 will,
1157 3652 1221 3723 Dig.
1236 3654 1280 3707 28.
1292 3653 1320 3708 6.

171 3740 214 3796 16.
231 3756 253 3810 1,
266 3739 303 3795 ib.
316 3755 358 3795 ao
376 3755 398 3808 1,
411 3741 519 3810 though
538 3740 566 3794 in
584 3741 633 3795 the
648 3741 731 3794 latter
747 3756 813 3796 case
832 3740 881 3795 the
897 3740 1000 3809 pater's
1013 3738 1068 3791 will
1086 3747 1161 3792 must
1180 3736 1216 3791 be
1234 3736 1320 3791 made

168 3823 238 3893 first,
250 3823 315 3893 Dig.
330 3823 368 3878 ib.
381 3838 404 3878 2.
418 3837 455 3890 4:
473 3823 495 3879 it
514 3839 580 3892 was,
598 3823 737 3892 however,
757 3823 861 3892 always
880 3820 1019 3892 regarded
1036 3837 1068 3875 as
1085 3837 1196 3877 amere
1213 3835 1318 3891 appen-

167 3906 242 3980 dage
253 3907 286 3961 of
294 3906 343 3961 the
355 3908 446 3976 latter,
460 3905 526 3961 with
539 3905 631 3960 which
645 3905 665 3960 it
679 3905 762 3960 stood
775 3922 807 3959 or
820 3905 875 3973 fell,
889 3905 904 3972 §
921 3917 934 3976 5
948 3903 1006 3972 inf,
1021 3902 1085 3973 Dig.
1101 3904 1142 3958 28.
1157 3903 1181 3957 6.
1195 3917 1234 3956 ιο.
1248 3916 1276 3969 4.

202 3991 261 4059 58.
280 3989 369 4046 Gaius
388 3991 521 4045 observes
535 3989 573 4057 (ii.
591 3987 652 4058 181)
672 3990 732 4044 that
752 3989 773 4043 it
786 4005 844 4043 was
862 3989 905 4042 far
924 3987 998 4042 safer
1016 3998 1046 4042 to
1062 3987 1146 4042 make
1163 3986 1233 4041 both
1252 3985 1318 4040 sub-

166 4073 311 4131 stitutione
327 4074 356 4128 in
373 4084 502 4145 separate
519 4073 712 4141 instruments,
725 4073 815 4145 ‘quod
828 4090 862 4127 ex
877 4071 970 4142 priore
987 4068 1209 4141 [substitutione]
1223 4079 1317 4139 potest

167 4156 291 4228 intellegi
305 4156 334 4212 in
347 4159 436 4212 altera
448 4174 560 4229 quoque
572 4156 649 4211 idem
662 4174 726 4212 esse
738 4155 923 4211 substitutus!
960 4157 1016 4209 For
1031 4153 1214 4209 illustrations
1227 4152 1260 4207 of
1268 4153 1317 4208 the

166 4241 275 4311 danger
288 4241 412 4296 referred
424 4251 454 4296 to
471 4258 520 4297 see
534 4239 593 4296 Cic.
606 4256 657 4311 pro
671 4241 781 4295 cluent.
798 4255 837 4308 11,
852 4241 975 4307 Horace,
989 4239 1046 4293 Sat
1061 4252 1085 4292 2.
1101 4250 1124 4307 5.
1137 4252 1180 4307 49,
1195 4235 1317 4304 Persius,

167 4324 228 4381 Sat.
241 4339 267 4379 2.
282 4338 323 4378 12.
339 4338 379 4392 13,
393 4323 553 4392 Suetonius,
568 4324 667 4378 Galba
682 4338 707 4392 9,
722 4322 787 4393 Dig.
802 4336 845 4390 27.
859 4338 883 4376 2.
901 4338 922 4376 ι.
938 4340 948 4374 ι
964 4342 971 4387 ;
989 4322 1031 4388 48.
1050 4335 1091 4389 19.
1103 4335 1144 4389 39

202 4404 260 4479 Η.
279 4407 343 4462 'Ibe
354 4405 428 4476 right
441 4406 474 4460 of
482 4405 665 4476 substituting
683 4416 713 4460 to
729 4405 914 4462 disinherited
932 4402 1059 4462 children
1072 4419 1129 4460 was
1142 4400 1270 4459 doubtful
1287 4400 1316 4456 in

103 4528 112 4537 -
166 4489 216 4549 the
228 4488 297 4548 time
308 4488 342 4546 of
351 4489 460 4561 Cicero,
472 4489 508 4546 de
520 4489 627 4551 invent.
640 4505 664 4546 2.
676 4504 717 4547 21.
749 4484 753 4491 '
