2986 5048
112 365 164 415 Tit.
178 359 213 427 7.]
348 356 408 411 DE
429 357 454 412 S
458 356 715 414 UCCESSIONE
735 357 1020 418 LIBERTORUM.
1193 353 1255 441 361

111 521 144 584 in
166 541 279 585 eorum
301 520 552 597 successionem,
575 522 602 586 si
625 532 737 588 tamen
760 532 997 589 testamentum
1018 525 1163 591 fecerint.
1207 528 1257 592 sin

110 622 394 690 autem'intestati
416 628 617 692 decesserint
640 628 730 691 nullo
753 628 929 693 liberorum
953 630 1075 707 relicto,
1098 641 1176 695 tunc
1198 653 1257 715 pa·

110 737 261 792 tronatus
276 729 334 806 ius,
351 730 441 812 quod
457 739 528 794 erat
543 752 587 794 ex
603 731 676 814 lege
691 733 866 796 duodecim
883 733 1077 811 tabulamm,
1093 734 1257 816 integrum

110 834 298 898 reservavit.
343 854 418 898 cum
432 855 510 899 vero
531 835 672 899 maiores
692 837 887 901 centenariis
910 838 985 916 sint,
1001 839 1028 900 si
1051 838 1190 902 heredes
1204 835 1257 901 vel

109 937 272 1001 bonorum
286 954 500 1020 ¹possessores
523 939 643 1004 liberos
666 940 811 1005 habeant
833 942 902 1005 sive
927 962 1030 1005 unum
1057 943 1125 1006 sive
1148 942 1258 1025 plures
1346 992 1351 999 .

108 1038 344 1124 cuiuscumque
359 1063 460 1106 sexus
475 1044 526 1106 vel
541 1045 672 1126 gradus,
687 1045 731 1108 ad
747 1065 804 1109 eos
822 1047 1061 1110 successionem
1083 1057 1258 1129 parentum

109 1136 490 1222 deduximus-omnibus
508 1149 655 1229 patronis
676 1168 836 1213 unacum
858 1171 916 1214 sua
938 1151 1096 1233 progenie
1110 1150 1257 1213 semotis.

109 1249 160 1312 sin
190 1233 402 1315 autem‘sine
432 1251 542 1314 liberis
572 1250 781 1330 decesserint,
808 1253 835 1315 si
865 1253 998 1335 quidem
1029 1255 1184 1331 intestati,
1214 1253 1257 1317 ad

108 1371 244 1416 omnem
260 1351 479 1419 hereditatem
495 1365 652 1443 patronos
670 1364 889 1439 patronasque
907 1357 1114 1421 vocavimus:
1138 1357 1258 1420 sivero

108 1445 348 1531 testamentum
374 1459 509 1541 quidem
532 1458 678 1536 iecerint,
704 1470 861 1544 patronos
886 1470 999 1524 autem
1022 1459 1075 1524 vel
1101 1468 1258 1542 patronas

107 1549 447 1643 praeterieriirt,÷cum
475 1563 582 1628 nullos
605 1563 727 1628 liberos
753 1563 914 1628 haberent
938 1563 988 1627 vel
1015 1563 1175 1626 habentes
1202 1583 1259 1627 eos

109 1656 393 1743 exheredaverint
407 1661 460 1729 vel
476 1674 583 1730 mater
597 1668 666 1729 sive
681 1688 761 1731 avus
781 1675 950 1730 maternus
969 1687 1025 1730 eos
1046 1666 1257 1748 praeterierit,

85 1799 89 1807 ·
108 1768 156 1830 ita
171 1776 208 1830 ut
223 1756 433 1852 tiqrr'pos'sint
445 1754 536 1851 a'rgui
552 1770 733 1835 inofficiosa
746 1790 859 1834 eorum
875 1779 1096 1835 testamenta:
1120 1780 1199 1833 tunc
1214 1789 1258 1833 cx

109 1879 223 1937 nostra
237 1871 474 1941 constitutione
489 1892 548 1954 per
564 1872 726 1936 bonorum
742 1874 982 1956 possessionem
999 1881 1112 1937 contra
1128 1870 1259 1936 tabulas

108 1992 174 2036 non
191 1966 384 2051 dimidiam,
409 1984 445 2038 ut
472 1985 558 2053 ante,
574 1976 632 2040 sed
655 1978 787 2040 tertiam
813 1986 942 2060 partem
965 1977 1126 2040 bonorum
1149 1975 1258 2038 liberti

108 2087 361 2159 consequantur,
391 2078 445 2143 vel
474 2080 564 2161 quod
595 2080 690 2144 deest
721 2080 768 2145 eis
804 2101 848 2145 ex
884 2081 1118 2145 constitutione
1147 2089 1259 2143 nostra

107 2178 281 2264 repleatur,
312 2177 503 2264 siquando
534 2183 642 2246 minus
673 2185 770 2247 tertia
800 2193 895 2267 parte
930 2184 1093 2247 bonorum
1124 2201 1258 2248 suorum

108 2283 246 2347 libertus
276 2284 328 2347 vel
359 2284 476 2349 liberta
511 2285 557 2349 eis
587 2286 783 2368 reliquerint,
813 2288 860 2352 ita
891 2287 961 2351 sine
994 2308 1101 2366 onere,
1131 2296 1169 2349 ut
1198 2306 1258 2351 nec

107 2387 220 2450 liberis
242 2387 351 2451 liberti
372 2388 550 2453 libertaeve
569 2410 613 2452 ex
634 2411 672 2453 ea
691 2399 785 2473 parte
806 2390 916 2473 legata
930 2389 983 2454 vel
1002 2390 1259 2454 fideicommissa

107 2502 326 2574 praestentur,
350 2492 408 2556 sed
435 2493 478 2555 ad
503 2493 681 2556 coheredes
704 2492 766 2557 hoc
793 2514 876 2557 onus
900 2494 1119 2558 redundaret:
1146 2493 1258 2557 multis

108 2596 183 2660 aliis
208 2595 338 2659 casibus
364 2615 384 2658 a
411 2595 507 2660 nobis
538 2597 571 2659 in
597 2595 746 2679 praelata
775 2597 1009 2661 constitutione
1039 2597 1257 2678 congregatis,

108 2719 192 2782 quos
216 2699 418 2763 necessarios
440 2720 511 2763 esse
533 2701 576 2763 ad
599 2699 787 2764 huiusmodi
811 2701 889 2763 iuris
911 2700 1160 2782 dispositionem
1185 2719 1258 2782 per-

108 2803 300 2885 speximus:
331 2813 369 2867 ut
395 2812 464 2865 tarn
489 2805 619 2885 patroni
649 2812 873 2886 patronaeque
899 2823 999 2884 quam
1026 2803 1118 2866 liberi
1145 2823 1258 2865 eorum

109 2926 170 2970 nec
193 2927 259 2970 non
279 2907 335 2989 qui
359 2927 403 2970 ex
425 2916 612 2970 transverso
635 2906 738 2970 latere
757 2907 891 2969 veniunt
914 2928 1018 2989 usque
1039 2907 1082 2969 ad
1106 2908 1258 2988 quintum

108 3011 248 3093 gradum
280 3012 323 3074 ad
353 3012 593 3076 successionem
620 3011 812 3075 libertorum
841 3021 1008 3089 vocentur,
1035 3010 1119 3074 sicut
1146 3032 1188 3074 ex
1219 3031 1259 3075 ea

109 3115 344 3179 constitutione
370 3115 629 3197 intellegendum
657 3123 726 3178 est:
756 3125 794 3179 ut
820 3116 847 3178 si
875 3115 1024 3179 eiusdem
1050 3117 1181 3198 patroni
1206 3115 1259 3178 vel

108 3228 267 3303 patronae
301 3217 353 3281 vel
392 3219 532 3283 duorum
568 3220 708 3282 duarum
743 3219 928 3302 pluriumve
968 3219 1033 3283 sint
1068 3219 1170 3295 liberi,
1203 3219 1258 3300 qui

107 3323 294 3407 proximior
319 3332 378 3398 est,
405 3323 447 3385 ad
476 3323 583 3386 liberti
611 3344 668 3387 seu
696 3322 833 3386 libertae
859 3332 995 3386 vocetur
1020 3323 1259 3386 successionem

108 3436 143 3490 et
166 3426 198 3488 in
218 3426 336 3508 capita,
358 3445 422 3488 non
442 3426 475 3489 in
498 3427 616 3509 stirpes
636 3426 802 3489 dividatur
822 3426 995 3501 successi0,
1017 3425 1135 3490 eodem
1159 3425 1259 3489 modo

108 3541 143 3595 et
167 3530 200 3593 in
223 3528 275 3595 his
297 3530 353 3612 qui
376 3551 420 3594 ex
443 3539 627 3595 transverso
650 3529 752 3594 latere
775 3531 912 3593 veniunt
936 3530 1107 3594 servando
1154 3549 1260 3612 paene

108 3635 199 3698 enim
214 3634 429 3698 consonantia
450 3635 520 3697 iura
540 3635 753 3718 ingenuitatis
774 3643 808 3698 et
829 3634 1052 3698 libertinitatis
1075 3634 1108 3695 in
1130 3653 1259 3698 succes·

107 3890 145 3946 all
163 3889 295 3960 previous
307 3888 486 3944 distinctions
499 3889 532 3943 os
546 3907 595 3944 sex
606 3891 734 3944 between
753 3888 869 3944 libertus
888 3889 946 3943 and
962 3888 1070 3956 liberta,
1083 3897 1185 3957 patron
1198 3886 1259 3941 and
1320 3906 1325 3915 ·

106 3985 256 4045 patroness
275 3990 307 4026 or
324 3972 398 4027 their
416 3973 552 4038 children,
570 3973 627 4027 and
647 3974 792 4042 regulated
811 3974 858 4027 the
883 3972 1044 4027 succession
1064 3982 1095 4026 to
1115 3970 1259 4025 freedmen

106 4057 166 4113 and
178 4055 367 4111 freedwomen
379 4073 412 4110 as
424 4056 531 4109 follows
544 4074 549 4109 :

144 4139 184 4209 (1)
202 4141 243 4194 As
253 4139 368 4207 regards
379 4139 427 4192 the
436 4155 530 4207 power
539 4138 572 4191 of
579 4138 722 4206 testation,
732 4155 750 4193 a
759 4137 875 4193 libertus
885 4155 917 4192 or
926 4138 1026 4193 liberta
1036 4138 1099 4191 who
1108 4134 1260 4206 possessed

106 4227 164 4280 less
174 4224 243 4277 than
257 4237 307 4276 roo
316 4221 392 4276 aurei
405 4221 495 4290 might
505 4221 715 4291 sreelydispose
724 4223 756 4275 ol
765 4222 785 4276 it
794 4222 833 4291 by
841 4222 904 4288 will,
914 4221 1030 4275 without
1039 4237 1094 4289 any
1104 4217 1259 4287 obligation

105 4320 138 4363 to
149 4307 213 4376 give
226 4305 274 4361 the
287 4315 387 4376 patron
401 4322 433 4359 or
445 4314 592 4375 patroness
605 4305 742 4374 anything
754 4305 844 4361 either
856 4322 888 4359 as
901 4305 962 4358 heir
974 4321 1006 4358 or
1017 4305 1135 4372 legatee.
1175 4302 1202 4354 ll
1212 4302 1260 4356 the
1275 4375 1279 4381 .

104 4398 241 4461 property
252 4388 406 4443 amounted
425 4397 455 4443 to
471 4404 521 4442 100
538 4388 615 4443 aurei
634 4404 667 4442 or
685 4389 814 4458 upwards
833 4390 901 4458 they
917 4388 1009 4457 might
1022 4386 1105 4440 make
1118 4386 1192 4438 what
1205 4384 1259 4437 will

102 4473 176 4546 phey
186 4471 304 4543 pleased
316 4472 383 4542 only
395 4470 420 4525 it
433 4471 501 4542 they
513 4471 660 4537 instituted
677 4471 750 4527 their
768 4472 843 4527 issue
856 4492 864 4541 3
883 4471 907 4526 if
920 4471 1000 4527 there
1012 4486 1069 4525 was
1082 4486 1119 4524 no
1132 4468 1216 4537 issue,
1229 4484 1262 4523 or
