2986 5048
124 384 177 434 rs
190 378 225 445 ι.]
419 375 481 431 DE
501 373 862 448 Hansnrrfrrrstu,
883 375 975 433 arc.
1043 387 1053 397 ·
1213 388 1277 463 343
1356 348 1394 377 ’·

125 539 198 603 iura
223 537 270 602 lta
296 535 426 613 servari,
452 545 553 619 atque
579 537 606 600 si
633 538 666 602 in
695 538 799 621 patris
823 538 982 603 naturalis
1007 548 1176 622 potestate
1202 561 1277 624 per-

126 642 301 707 mansisset
324 659 385 705 nec
407 640 539 723 penitus
560 640 698 723 adoptio
722 640 820 707 fuerit
843 642 1040 707 subsecuta:
1071 643 1133 707 nisi
1158 643 1191 707 in
1213 643 1277 709 hoc

124 744 359 811 tantummodo
385 764 472 822 casu,
498 754 535 810 ut
557 745 662 827 possit
687 746 731 810 ab
757 745 914 812 intestato
933 747 977 812 ad
1004 748 1107 829 patris
1128 747 1277 830 adoptivi

124 849 236 913 venire
258 847 510 913 successionem.
564 857 765 913 testamento
787 859 901 914 autem
925 850 970 913 ab
993 870 1034 914 eo
1057 850 1146 914 facto
1168 872 1277 934 neque

125 952 196 1017 iure
211 951 297 1015 civili
313 971 421 1034 neque
440 952 606 1033 praetorio
626 950 751 1034 aliquid
774 973 819 1016 ex
838 952 1023 1018 hereditate
1040 954 1109 1017 eius
1125 957 1276 1038 persequi

124 1063 238 1138 potest
268 1075 375 1136 rreque
407 1064 523 1121 contra
559 1054 690 1120 tabulas
726 1055 889 1123 bonorum
926 1057 1135 1139 possessione
1163 1058 1277 1141 agnita

124 1178 233 1240 neque
260 1157 431 1223 inofficiosi
455 1156 604 1240 querella
628 1158 788 1238 instituta,
808 1179 884 1223 curn
908 1179 970 1227 nec
994 1161 1170 1227 necessitas
1192 1162 1277 1243 patri

124 1264 284 1345 adoptivo
307 1263 487 1345 imponitur
509 1263 562 1328 vel
587 1263 743 1328 heredem
771 1284 848 1329 eum
874 1265 1044 1330 instituere
1063 1264 1116 1329 vel
1139 1264 1278 1330 exhere-

123 1366 242 1434 datum
256 1366 363 1431 facere
378 1375 495 1449 utpote
510 1365 603 1431 nullo
618 1366 758 1432 naturali
773 1367 904 1433 vinculo
924 1367 1125 1451 copulatum.
1169 1389 1277 1451 neque

123 1470 152 1535 si
182 1490 227 1534 ex
256 1469 415 1534 Afiniano
443 1479 577 1534 senatus
607 1471 758 1535 consulto
788 1491 832 1533 ex
862 1470 966 1534 tribus
1003 1471 1150 1535 maribus
1178 1470 1277 1537 fuerit

123 1574 324 1656 adoptatus:
348 1593 426 1637 narn
453 1582 487 1639 et
511 1573 545 1637 in
572 1571 760 1639 huiusmodi
786 1593 864 1637 casu
890 1593 998 1657 neque
1020 1583 1139 1657 quarta
1157 1573 1187 1638 ei
1209 1594 1277 1640 ser·

122 1686 222 1742 vatur
249 1697 310 1742 nec
340 1676 409 1741 ulla
444 1677 532 1742 actio
569 1677 613 1741 ad
651 1678 720 1743 eius
753 1678 1014 1761 persecutionem
1047 1678 1077 1740 ei
1107 1679 1276 1760 competit.

123 1791 238 1846 nostra
267 1791 380 1847 autem
409 1781 646 1848 constitutione
684 1792 844 1867 exceptus
881 1792 933 1848 est
960 1783 998 1858 is,
1028 1802 1128 1865 quern
1158 1803 1276 1865 parens

123 1885 284 1950 naturalis
312 1885 542 1968 adoptandum
579 1888 779 1970 susceperit:
818 1897 958 1970 utroque
989 1887 1077 1952 enim
1107 1887 1176 1951 iure
1205 1897 1276 1951 tam

123 1991 265 2055 naturali
292 2010 393 2075 quarn
419 1990 568 2073 legitimo
596 1993 630 2055 in
656 1992 744 2057 hanc
771 2012 947 2075 personam
974 2000 1188 2056 concurrente
1210 1990 1277 2073 pri·

121 2094 211 2158 stina
233 2095 303 2159 iura
324 2094 382 2159 tali
404 2093 576 2177 adoptioni
599 2096 811 2172 servavimus,
826 2095 1110 2179 quemadmodum
1133 2095 1160 2158 si
1182 2104 1278 2177 pater

123 2196 266 2262 familias
291 2219 364 2262 sese
389 2198 518 2263 dederit
545 2200 784 2282 adrogandum.
829 2220 915 2282 quae
940 2199 1128 2282 specialiter
1150 2206 1184 2262 et
1210 2198 1277 2262 sin·

121 2301 265 2386 gillatim
288 2324 333 2367 ex
355 2304 523 2386 praelatae
545 2305 789 2369 constitutionis
811 2315 926 2370 tenore
948 2313 1087 2387 possunt
1109 2302 1229 2386 colligi.

169 2406 256 2472 Item
279 2416 425 2472 vetustas
451 2428 496 2471 ex
522 2408 676 2472 masculis
704 2409 896 2493 progenitos
922 2408 997 2492 plus
1022 2408 1163 2491 diligens
1189 2406 1276 2472 solos
1291 2415 1323 2471 15

122 2519 262 2592 nepotes
276 2510 330 2575 vel
352 2520 478 2594 neptes,
494 2511 551 2594 qui
575 2532 619 2575 ex
633 2512 717 2576 virili
740 2533 823 2576 sexu
847 2513 1062 2589 descendunt,
1081 2511 1124 2575 ad
1142 2531 1276 2574 suorum

121 2613 264 2679 vocabat
289 2615 529 2679 successionem
556 2623 590 2679 et
612 2615 673 2678 iuri
698 2617 920 2700 adgnatorum
946 2636 1004 2680 eos
1030 2612 1275 2696 anteponebat:

123 2729 265 2801 nepotes
290 2727 413 2798 autem,
437 2719 494 2801 qui
521 2739 565 2782 ex
589 2719 720 2784 filiabus
744 2721 813 2784 nati
839 2729 926 2795 sunt,
948 2730 982 2784 et
1006 2726 1207 2801 pronepotes
1232 2736 1277 2780 ex

123 2823 280 2905 neptibus
296 2832 511 2906 cognatorum
531 2823 605 2887 loco
624 2845 800 2888 numerans
821 2832 897 2906 post
915 2822 1136 2906 adgnatorum
1155 2821 1277 2885 lineam

124 2946 183 2989 eos
205 2926 348 2991 vocabat
379 2935 450 2990 tam
482 2927 516 2990 in
541 2927 594 2991 avi
617 2927 671 2992 vel
697 2930 810 3012 proavi
837 2929 976 2992 materni
1000 2946 1102 3010 quam
1127 2924 1160 2988 in
1184 2925 1278 2988 aviae

122 3028 178 3094 vel
192 3030 346 3113 proaviae
366 3031 436 3095 sive
458 3039 615 3114 paternae
637 3031 706 3097 sive
724 3043 894 3099 maternae
917 3030 1166 3097 successionem.
1210 3028 1278 3092 divi

122 3235 204 3291 three
217 3251 284 3289 sons
297 3234 326 3289 in
339 3232 483 3305 adoption,
493 3233 542 3293 the
555 3233 688 3304 adoptive
701 3236 793 3291 father
805 3246 881 3290 must
894 3236 974 3291 leave
986 3234 1046 3288 him
1056 3251 1074 3288 a
1083 3232 1177 3287 fourth
1190 3231 1224 3286 of
1231 3230 1277 3286 his

122 3330 257 3389 property
267 3330 295 3373 at
305 3319 386 3384 least,
394 3319 524 3389 Theoph.
543 3319 600 3373 For
611 3318 776 3388 Justinian’s
789 3319 915 3388 changes
929 3318 957 3373 in
968 3319 1017 3373 the
1030 3319 1083 3372 law
1096 3317 1129 3369 os
1137 3313 1275 3385 adoption

21 3452 28 3461 .
124 3402 208 3471 (Cod.
222 3403 247 3457 8.
259 3402 301 3468 48.
317 3401 359 3470 10)
373 3418 470 3456 seeon
484 3401 537 3458 Blr.
550 3400 739 3472 i.11.asupr.
775 3401 864 3456 Their
875 3403 971 3468 result,
983 3418 1016 3456 so
1028 3400 1233 3456 farasrelates
1245 3407 1275 3452 to

124 3484 257 3541 intestate
270 3484 443 3551 succession,
455 3501 513 3539 was
526 3502 559 3539 as
571 3484 679 3540 follows
692 3504 698 3539 :

161 3566 201 3636 (r)
222 3567 251 3621 lf
264 3569 314 3623 the
331 3566 448 3637 adoptio
469 3584 527 3624 was
548 3567 642 3622 minus
662 3569 755 3638 plena,
776 3567 826 3623 the
846 3566 998 3636 adoptatus
1019 3565 1149 3620 retained
1171 3565 1208 3619 all
1230 3562 1275 3617 his

123 3650 214 3720 rights
232 3649 343 3719 against
362 3651 410 3706 the
428 3660 519 3706 estate
539 3652 572 3706 of
587 3651 632 3706 his
652 3652 763 3706 natural
782 3651 882 3717 father,
900 3649 958 3704 and
976 3647 1111 3719 acquired
1125 3646 1240 3702 besides
1258 3663 1276 3700 a

122 3733 208 3789 claim
221 3751 254 3788 as
266 3750 334 3788 suus
346 3744 376 3788 to
388 3734 449 3789 that
462 3734 496 3788 of
503 3735 552 3789 the
569 3734 702 3804 adoptive
719 3734 819 3802 father,
833 3732 857 3788 if
871 3734 907 3787 he
925 3731 992 3786 died
1011 3731 1152 3798 intestate,
1165 3728 1274 3797 though

123 3833 199 3871 none
216 3826 246 3871 to
261 3816 322 3870 that
338 3814 372 3870 of
384 3817 432 3872 the
447 3816 552 3871 latter’s
565 3827 691 3886 agnates.
729 3819 773 3872 To
792 3818 842 3871 the
860 3824 993 3886 property
1007 3814 1040 3868 of
1054 3813 1103 3867 the
1121 3812 1274 3882 adoptatus

122 3901 173 3956 the
184 3900 326 3970 adoptans
341 3900 399 3955 had
417 3917 455 3955 no
472 3900 563 3969 rights
581 3902 614 3954 os
626 3901 789 3956 succession
802 3901 950 3955 whatever.
990 3896 1030 3966 (2)
1052 3896 1081 3949 If
1092 3895 1141 3951 the
1156 3895 1274 3964 adoptio

123 4000 182 4038 was
200 3984 292 4053 plena,
305 3983 354 4039 the
372 3983 462 4052 rights
480 3983 513 4038 of
526 3984 575 4038 the
594 3983 746 4053 adoptatus
761 3982 873 4053 against
888 3983 937 4038 the
953 3989 1087 4052 property
1099 3980 1132 4033 of
1144 3978 1213 4032 both
1229 3977 1274 4032 his

122 4075 219 4137 patres
231 4066 289 4121 aud
301 4067 363 4122 that
376 4067 409 4121 of
417 4065 462 4121 his
473 4067 585 4121 mother
597 4066 744 4123 remained
757 4065 913 4122 unaltered
949 4066 991 4119 As
1006 4073 1036 4119 to
1052 4062 1096 4117 his
1111 4059 1231 4116 relation
1243 4070 1274 4114 to

122 4149 169 4204 his
180 4150 292 4204 natural
304 4150 418 4204 father’s
430 4148 604 4205 inheritance
614 4150 693 4205 there
704 4150 728 4204 is
738 4166 818 4205 some
828 4148 981 4204 difference
991 4145 1024 4201 of
1029 4143 1154 4215 opinion,
1164 4142 1274 4211 though

41 4288 47 4297 ,
122 4233 172 4287 the
182 4231 345 4302 expression
354 4231 383 4287 in
393 4232 442 4286 the
450 4241 509 4287 text
518 4231 648 4302 (pristina
660 4232 722 4287 iura
733 4232 782 4287 tali
795 4231 942 4301 adoptioni
955 4227 1141 4295 servavimus)
1151 4224 1274 4295 coupled

122 4314 192 4370 with
203 4316 252 4370 the
265 4315 355 4370 whole
367 4325 449 4370 tenor
460 4314 494 4369 of
503 4315 574 4370 Cod.
584 4316 610 4371 8.
620 4316 664 4382 48.
675 4330 716 4383 10,
725 4314 783 4372 and
797 4314 850 4370 Bk.
858 4313 875 4368 i.
889 4328 956 4369 rna
969 4328 1045 4381 supr.
1058 4328 1125 4380 may
1136 4309 1173 4364 be
1186 4308 1273 4363 taken

124 4396 338 4453 asconclusive.

161 4480 178 4548 ὁ
189 4483 236 4537 16.
255 4479 318 4537 The
330 4488 509 4536 enactments
520 4479 644 4537 referred
657 4489 687 4536 to
699 4495 747 4536 are
758 4480 840 4535 those
850 4478 883 4534 of
888 4476 1078 4547 Valentinian,
1086 4472 1274 4543 Theodosius,
