2986 5048
188 302 268 421 294Ι
388 345 740 403 INSTITUTIONUM
758 346 879 402 LIBRI
896 345 1132 417 QUATTUOR.
1232 338 1353 415 [Lsnsslh

715 552 811 617 XXI.

286 730 336 780 on
359 729 603 782 rotumum:
626 728 858 780 Lucanorun
882 729 930 780 nr
952 731 1255 784 rnnusunnown.

234 878 420 962 Ademptio
449 878 643 962 legatorum,
672 878 740 941 sive
772 877 891 941 eodem
921 889 1123 945 testamento
1152 879 1347 948 adimantur

191 982 260 1046 sive
281 983 449 1058 codicillis,
470 981 564 1046 firma
587 992 646 1056 est,
667 983 736 1044 sive
758 981 928 1045 contrariis
946 983 1056 1046 verbis
1079 983 1137 1049 frat
1159 985 1344 1068 ademptio,

190 1085 292 1151 veluti
315 1085 353 1162 si,
370 1087 460 1168 quod
483 1087 529 1150 ita
551 1086 625 1168 quis
648 1085 805 1167 legaverit
820 1086 882 1148 ‘do
901 1083 995 1168 lego,'
1010 1087 1057 1151 ita
1073 1088 1241 1153 adimatur
1257 1096 1345 1154 ‘non

192 1189 237 1252 do
262 1210 327 1252 non
354 1185 451 1271 lego‚'
473 1190 542 1253 sive
566 1209 631 1251 non
656 1187 833 1265 contrariis,
856 1189 890 1251 id
913 1199 963 1253 est
987 1190 1059 1254 aliis
1081 1191 1345 1276 quibuscumque

163 1293 308 1357 lverbis.
352 1292 535 1357 Transferri
558 1313 691 1376 quoque
713 1290 861 1373 legatum
883 1292 926 1355 ab
948 1294 1014 1357 alio
1036 1295 1080 1358 ad
1101 1294 1203 1359 alium
1222 1307 1346 1378 potest,

191 1397 291 1461 veluti
322 1397 349 1460 si
379 1398 523 1479 quisita
552 1397 693 1461 dixerit:
730 1395 916 1460 ‘hominem
949 1396 1109 1478 Stichum,
1133 1419 1235 1482 quem
1253 1400 1346 1466 Titio

192 1499 308 1583 legavi,
349 1499 426 1565 Seio
456 1502 501 1564 do
530 1495 626 1584 lego:
655 1501 724 1564 sive
755 1499 788 1562 in
822 1499 940 1563 eodem
970 1511 1171 1567 testamento
1201 1502 1273 1567 sive
1313 1504 1346 1566 in

110 1654 113 1659 .
191 1602 351 1668 codicillis
373 1603 436 1668 hoc
453 1605 584 1668 fecerit:
612 1624 680 1686 quo
702 1623 779 1667 casu
802 1602 900 1666 simul
920 1603 1011 1669 Titio
1033 1605 1134 1670 adimi
1156 1605 1290 1671 videtur
1313 1618 1347 1672 et

194 1704 273 1772 Seio
295 1708 375 1772 dari.

714 1792 830 1857 XXII.

584 1971 634 2023 DE
657 1970 756 2021 LEGE
779 1969 963 2021 FALCIDIA.

238 2121 406 2204 Superest,
438 2131 475 2187 ut
511 2121 555 2184 de
592 2120 665 2203 lege
695 2120 842 2185 Falcidia
875 2120 1098 2203 dispiciamus,
1129 2141 1196 2204 qua
1226 2124 1349 2188 modus

195 2226 371 2290 novissime
395 2226 512 2309 legatis
539 2224 713 2306 impositus
738 2235 798 2288 est.
843 2244 920 2288 curn
950 2225 1039 2288 enim
1065 2226 1145 2289 olim
1168 2226 1243 2308 lege
1265 2228 1349 2293 duo-

194 2329 302 2393 decim
324 2328 511 2393 tabulamm
535 2327 637 2392 libera
660 2336 731 2392 erat
753 2328 886 2409 legandi
909 2340 1067 2410 potestas,
1095 2339 1131 2393 ut
1160 2328 1274 2394 liceret
1295 2331 1351 2395 vel

193 2441 301 2498 totum
318 2434 553 2513 patrimonium
570 2432 688 2515 legatis
704 2452 838 2514 erogare
854 2429 991 2517 (quippe
1007 2454 1046 2497 ea
1062 2432 1135 2515 lege
1150 2434 1197 2498 ita
1213 2445 1351 2499 cautum

194 2548 302 2602 esset:
338 2537 386 2601 uti
413 2537 549 2619 legassit
572 2557 651 2601 suae
682 2537 737 2612 rei,
761 2530 813 2600 ita'
834 2537 885 2601 ius
911 2534 1018 2622 estol:
1056 2538 1163 2602 visum
1186 2549 1238 2602 est
1263 2537 1351 2604 hanc

195 2642 327 2724 legandi
353 2641 518 2706 licentiam
544 2651 701 2720 coartare,
724 2641 824 2723 idque
849 2642 994 2723 ipsorum
1019 2650 1216 2706 testatorum
1240 2644 1353 2724 gratia

194 2746 362 2828 provisum
387 2754 438 2809 est
458 2745 507 2832 ‚ob
534 2746 577 2824 id,
600 2745 690 2827 quod
720 2744 914 2827 plerumque
940 2745 1088 2809 intestati
1115 2746 1353 2825 moriebantur,

195 2951 340 3005 voluntate
359 2949 483 3004 defuncti
503 2958 620 3019 apparet
631 2950 638 2976 ’
651 2948 717 3018 Dig.
731 2963 773 3016 34.
786 2949 811 3002 6.
826 2950 875 3017 2);
898 2950 993 3003 unless
1014 2948 1034 3003 it
1056 2949 1199 3019 appeared
1218 2950 1281 3005 that
1302 2950 1352 3006 the

196 3044 315 3088 testator
335 3032 474 3102 designed
494 3034 543 3088 the
562 3033 662 3102 legacy
683 3048 714 3086 as
734 3050 752 3087 a
772 3050 871 3087 means
891 3032 924 3086 of
941 3032 1127 3102 compulsion,
1147 3032 1168 3087 it
1187 3049 1245 3087 was
1264 3033 1352 3103 valid,

199 3116 266 3185 Dig.
280 3132 322 3185 3¹·
337 3131 362 3184 3.
375 3131 399 3170 2.

232 3204 293 3256 ult.
304 3203 393 3254 m
415 3202 471 3254 For
484 3198 605 3254 codicilli
618 3216 666 3253 see
679 3199 736 3254 Tit.
749 3213 781 3268 25
796 3200 853 3254 and
867 3208 948 3253 notes
962 3198 1011 3254 inf.
1049 3197 1167 3254 Besides
1183 3199 1232 3253 the
1249 3199 1352 3254 modes

197 3283 362 3338 mentioned
374 3283 403 3337 in
417 3284 465 3337 the
478 3293 545 3349 text,
558 3298 576 3335 a
588 3283 687 3351 legacy
699 3281 790 3351 might
808 3282 844 3336 be
857 3282 943 3336 taken
960 3300 1040 3351 away
1053 3282 1091 3350 by
1103 3281 1215 3350 erasing
1228 3281 1278 3336 the
1294 3281 1352 3337 dis-

197 3365 321 3435 position
340 3365 412 3420 from
425 3366 473 3420 the
487 3363 549 3432 will,
564 3363 629 3433 Dig.
644 3378 686 3432 34.
699 3380 725 3430 4.
742 3364 773 3417 16
785 3364 843 3419 and
860 3377 899 3431 17,
917 3381 950 3418 or
967 3364 1065 3433 tacitly
1083 3365 1121 3433 by
1139 3381 1195 3432 any
1212 3374 1258 3418 act
1277 3365 1352 3419 from

198 3448 289 3503 which
304 3448 324 3505 it
338 3448 421 3502 could
433 3449 470 3502 be
482 3448 618 3517 gathered
632 3447 692 3501 that
706 3449 753 3503 the
767 3458 887 3503 testator
898 3465 936 3501 no
949 3449 1048 3516 longer
1057 3448 1165 3502 wished
1178 3447 1227 3502 the
1240 3448 1353 3517 legatee

199 3543 228 3586 to
247 3533 319 3586 have
339 3532 387 3585 the
405 3531 533 3601 bequest,
546 3547 604 3604 eg.
617 3531 656 3598 by
675 3531 828 3585 alienation
847 3531 880 3584 of
894 3531 942 3585 the
962 3548 1007 3585 res
1022 3533 1124 3600 legata,
1141 3545 1171 3585 12
1184 3547 1270 3600 supr,
1285 3531 1352 3600 Dig.

200 3630 242 3684 34.
256 3630 282 3681 4.
299 3627 338 3684 ις,
359 3614 417 3668 and
436 3632 454 3668 a
474 3615 573 3683 legacy
593 3631 650 3668 was
675 3631 745 3668 even
768 3614 835 3669 held
855 3624 884 3668 to
904 3614 941 3668 be
959 3613 1084 3669 revoked
1106 3613 1132 3666 if
1146 3614 1194 3668 the
1215 3614 1353 3669 relations

199 3700 326 3753 between
349 3699 397 3752 the
419 3696 523 3767 parties
543 3697 661 3752 became
684 3698 752 3750 such
771 3698 831 3751 that
851 3714 869 3751 a
887 3697 1075 3752 continuance
1094 3696 1127 3750 of
1141 3697 1189 3751 the
1210 3698 1354 3752 testator’s

199 3782 369 3838 benevolent
388 3780 526 3835 intention
545 3780 629 3834 could
648 3791 698 3836 not
720 3781 756 3835 be
775 3781 935 3851 presumed,
954 3798 978 3834 e.
987 3797 1014 3849 g.
1036 3780 1059 3834 if
1075 3796 1093 3833 a
1113 3779 1221 3836 serious
1244 3780 1354 3849 enmity

200 3881 282 3919 arose
301 3865 428 3919 between
449 3865 536 3931 them,
557 3862 756 3933 Dig.3l.4.3.
774 3879 811 3918 11.
852 3863 953 3919 Under
970 3865 1019 3918 the
1041 3863 1121 3917 older
1139 3865 1191 3918 law
1210 3863 1354 3918 contraria

201 3949 288 4004 verba
299 3947 357 4002 had
370 3948 442 4002 been
456 3946 586 4017 required
604 3947 647 4000 for
663 3964 700 4001 an
713 3964 828 4017 express
845 3946 1019 4017 ademption,
1033 3946 1116 4002 ‘dum
1134 3957 1230 4001 tamen
1250 3947 1354 4002 eodem

202 4032 287 4086 modo
300 4030 449 4097 adimatur,
463 4045 519 4099 quo
533 4029 619 4083 modo
632 4029 730 4084 datum
743 4031 802 4085 est’
816 4029 931 4099 Ulpian,
944 4047 1003 4098 reg.
1017 4044 1057 4095 24
1073 4044 1115 4098 29.

238 4115 252 4182 §
267 4118 290 4172 1.
310 4111 488 4169 ‘Translatio
501 4112 586 4182 legati
600 4113 629 4167 fit
643 4124 775 4183 quattuor
794 4113 904 4167 modis:
924 4122 972 4167 aut
985 4112 1061 4167 enim
1075 4130 1092 4166 a
1104 4128 1227 4182 persona
1244 4112 1273 4166 in
1293 4129 1355 4182 per·

202 4215 302 4253 sonam
315 4197 488 4265 transfertur,
501 4207 549 4250 aut
562 4196 599 4249 ab
612 4214 655 4265 eo,
669 4196 716 4266 qui
730 4197 798 4251 dare
812 4196 903 4251 iussus
917 4206 969 4264 est,
983 4196 1148 4250 transfertur
1160 4206 1191 4250 ut
1204 4195 1276 4250 alius
1290 4196 1354 4251 det:

201 4290 249 4335 aut
269 4297 334 4334 cum
352 4296 397 4334 res
416 4296 467 4349 pro
485 4296 515 4334 re
534 4280 625 4347 datur,
644 4290 674 4334 ut
693 4296 744 4349 pro
765 4280 853 4333 fundo
877 4280 976 4334 decem
995 4277 1091 4333 aurei:
1120 4288 1169 4332 aut
1188 4279 1265 4347 quod
1284 4295 1355 4348 pure

202 4364 299 4418 datum
312 4373 364 4431 est,
377 4363 543 4418 transfertur
555 4364 608 4417 sub
621 4362 804 4418 condicione’
817 4362 883 4431 Dig.
896 4376 976 4430 344
990 4362 1015 4416 6.
1029 4378 1069 4431 pr.

236 4450 296 4507 vit.
309 4449 417 4505 xm.
437 4448 493 4507 For
505 4447 554 4502 the
567 4446 744 4503 wellknown
757 4455 920 4503 enactment
933 4444 966 4501 of
979 4446 1027 4501 the
1040 4445 1153 4500 Twelve
1167 4443 1274 4500 Tables
1287 4445 1355 4501 here
