<?xml version="1.0" encoding="UTF-8"?>
<!DOCTYPE html PUBLIC "-//W3C//DTD XHTML 1.0 Transitional//EN"
    "http://www.w3.org/TR/xhtml1/DTD/xhtml1-transitional.dtd">
<html xmlns="http://www.w3.org/1999/xhtml" xml:lang="en" lang="en">
 <head>
  <title>
</title>
<meta http-equiv="Content-Type" content="text/html;charset=utf-8" />
  <meta name='ocr-system' content='tesseract 3.04.00' />
  <meta name='ocr-capabilities' content='ocr_page ocr_carea ocr_par ocr_line ocrx_word'/>
</head>
<body>
  <div class='ocr_page' id='page_1' title='image "./imperatorisiust00goog_0539.png"; bbox 0 0 2986 5048; ppageno 0'>
   <div class='ocr_carea' id='block_1_1' title="bbox 190 332 1342 422">
    <p class='ocr_par' dir='ltr' id='par_1_1' title="bbox 190 332 1342 422">
     <span class='ocr_line' id='line_1_1' title="bbox 190 332 1342 422; baseline 0.002 -18"><span class='ocrx_word' id='word_1_1' title='bbox 190 337 253 422; x_wconf 82' lang='lat'>526</span> <span class='ocrx_word' id='word_1_2' title='bbox 392 332 742 407; x_wconf 77' lang='lat' dir='ltr'>&#39;rrvsrrrurrorvurv</span> <span class='ocrx_word' id='word_1_3' title='bbox 759 349 878 405; x_wconf 75' lang='lat' dir='ltr'>tram</span> <span class='ocrx_word' id='word_1_4' title='bbox 897 349 1133 421; x_wconf 77' lang='lat' dir='ltr'><em>QUATTUOR.</em></span> <span class='ocrx_word' id='word_1_5' title='bbox 1220 350 1342 416; x_wconf 69' lang='lat' dir='ltr'>[nstv.</span> 
     </span>
    </p>
   </div>
   <div class='ocr_carea' id='block_1_2' title="bbox 163 513 1346 1324">
    <p class='ocr_par' dir='ltr' id='par_1_2' title="bbox 163 513 1346 1324">
     <span class='ocr_line' id='line_1_2' title="bbox 190 513 1342 598; baseline 0.003 -24"><span class='ocrx_word' id='word_1_6' title='bbox 190 513 329 593; x_wconf 92' lang='lat' dir='ltr'>videtur,</span> <span class='ocrx_word' id='word_1_7' title='bbox 352 514 438 579; x_wconf 91' lang='lat' dir='ltr'>actio</span> <span class='ocrx_word' id='word_1_8' title='bbox 461 516 577 580; x_wconf 88' lang='lat' dir='ltr'>datur:</span> <span class='ocrx_word' id='word_1_9' title='bbox 599 517 700 579; x_wconf 88' lang='lat' dir='ltr'>iudex</span> <span class='ocrx_word' id='word_1_10' title='bbox 724 515 811 579; x_wconf 90' lang='lat' dir='ltr'>enim</span> <span class='ocrx_word' id='word_1_11' title='bbox 834 526 1026 598; x_wconf 89' lang='lat' dir='ltr'>computare</span> <span class='ocrx_word' id='word_1_12' title='bbox 1047 516 1148 581; x_wconf 89' lang='lat' dir='ltr'>debet</span> <span class='ocrx_word' id='word_1_13' title='bbox 1170 515 1342 580; x_wconf 84' lang='lat' dir='ltr'>mercedes</span> 
     </span>
     <span class='ocr_line' id='line_1_3' title="bbox 193 619 1344 702; baseline 0.002 -23"><span class='ocrx_word' id='word_1_14' title='bbox 193 619 330 681; x_wconf 88' lang='lat' dir='ltr'>medicis</span> <span class='ocrx_word' id='word_1_15' title='bbox 344 620 519 700; x_wconf 86' lang='lat' dir='ltr'>praestitas</span> <span class='ocrx_word' id='word_1_16' title='bbox 535 630 709 702; x_wconf 91' lang='lat' dir='ltr'>ceteraque</span> <span class='ocrx_word' id='word_1_17' title='bbox 724 619 901 701; x_wconf 92' lang='lat' dir='ltr'>impendia,</span> <span class='ocrx_word' id='word_1_18' title='bbox 917 639 1003 700; x_wconf 90' lang='lat' dir='ltr'>quae</span> <span class='ocrx_word' id='word_1_19' title='bbox 1022 620 1054 683; x_wconf 93' lang='lat' dir='ltr'>in</span> <span class='ocrx_word' id='word_1_20' title='bbox 1070 620 1238 684; x_wconf 84' lang='lat' dir='ltr'><strong>curatione</strong></span> <span class='ocrx_word' id='word_1_21' title='bbox 1252 619 1344 682; x_wconf 88' lang='lat' dir='ltr'>lacta</span> 
     </span>
     <span class='ocr_line' id='line_1_4' title="bbox 192 722 1343 805; baseline 0.001 -23"><span class='ocrx_word' id='word_1_22' title='bbox 192 729 277 793; x_wconf 92' lang='lat' dir='ltr'>sunt,</span> <span class='ocrx_word' id='word_1_23' title='bbox 300 732 470 803; x_wconf 87' lang='lat' dir='ltr'>praeterea</span> <span class='ocrx_word' id='word_1_24' title='bbox 492 744 676 804; x_wconf 87' lang='lat' dir='ltr'>operarum,</span> <span class='ocrx_word' id='word_1_25' title='bbox 695 722 813 805; x_wconf 91' lang='lat' dir='ltr'>quibus</span> <span class='ocrx_word' id='word_1_26' title='bbox 836 723 939 786; x_wconf 90' lang='lat' dir='ltr'>caruit</span> <span class='ocrx_word' id='word_1_27' title='bbox 961 733 1019 786; x_wconf 91' lang='lat' dir='ltr'>aut</span> <span class='ocrx_word' id='word_1_28' title='bbox 1042 723 1201 786; x_wconf 91' lang='lat' dir='ltr'>cariturus</span> <span class='ocrx_word' id='word_1_29' title='bbox 1224 731 1275 786; x_wconf 77' lang='lat' dir='ltr'>est</span> <span class='ocrx_word' id='word_1_30' title='bbox 1297 722 1343 784; x_wconf 92' lang='lat' dir='ltr'>ob</span> 
     </span>
     <span class='ocr_line' id='line_1_5' title="bbox 163 822 1344 908; baseline 0.003 -24"><span class='ocrx_word' id='word_1_31' title='bbox 163 822 227 885; x_wconf 77' lang='lat' dir='ltr'>aid</span> <span class='ocrx_word' id='word_1_32' title='bbox 243 823 332 904; x_wconf 92' lang='lat' dir='ltr'>quod</span> <span class='ocrx_word' id='word_1_33' title='bbox 352 824 476 888; x_wconf 90' lang='lat' dir='ltr'>inutilis</span> <span class='ocrx_word' id='word_1_34' title='bbox 498 825 604 890; x_wconf 86' lang='lat' dir='ltr'>sactus</span> <span class='ocrx_word' id='word_1_35' title='bbox 621 835 680 889; x_wconf 87' lang='lat' dir='ltr'>est.</span> <span class='ocrx_word' id='word_1_36' title='bbox 727 823 763 890; x_wconf 90' lang='lat' dir='ltr'>Si</span> <span class='ocrx_word' id='word_1_37' title='bbox 782 825 868 889; x_wconf 88' lang='lat' dir='ltr'>filius</span> <span class='ocrx_word' id='word_1_38' title='bbox 888 824 1027 888; x_wconf 83' lang='lat' dir='ltr'>familias</span> <span class='ocrx_word' id='word_1_39' title='bbox 1050 846 1197 889; x_wconf 91' lang='lat' dir='ltr'>seorsum</span> <span class='ocrx_word' id='word_1_40' title='bbox 1213 847 1233 889; x_wconf 86' lang='lat' dir='ltr'>a</span> <span class='ocrx_word' id='word_1_41' title='bbox 1249 835 1344 908; x_wconf 89' lang='lat' dir='ltr'>patre</span> 
     </span>
     <span class='ocr_line' id='line_1_6' title="bbox 193 924 1344 1011; baseline 0.003 -24"><span class='ocrx_word' id='word_1_42' title='bbox 193 924 390 990; x_wconf 86' lang='lat' dir='ltr'>habitaverit</span> <span class='ocrx_word' id='word_1_43' title='bbox 413 939 446 992; x_wconf 92' lang='lat' dir='ltr'>et</span> <span class='ocrx_word' id='word_1_44' title='bbox 468 930 547 1011; x_wconf 93' lang='lat' dir='ltr'>quid</span> <span class='ocrx_word' id='word_1_45' title='bbox 571 950 615 993; x_wconf 88' lang='lat' dir='ltr'>ex</span> <span class='ocrx_word' id='word_1_46' title='bbox 637 929 793 993; x_wconf 90' lang='lat' dir='ltr'>cenaculo</span> <span class='ocrx_word' id='word_1_47' title='bbox 814 930 884 992; x_wconf 90' lang='lat' dir='ltr'>eius</span> <span class='ocrx_word' id='word_1_48' title='bbox 907 929 1071 992; x_wconf 92' lang='lat' dir='ltr'>deiectum</span> <span class='ocrx_word' id='word_1_49' title='bbox 1093 927 1344 1002; x_wconf 82' lang='lat' dir='ltr'>eflusumve&#39;sit,</span> 
     </span>
     <span class='ocr_line' id='line_1_7' title="bbox 194 1028 1345 1115; baseline 0.003 -25"><span class='ocrx_word' id='word_1_50' title='bbox 194 1028 263 1091; x_wconf 90' lang='lat' dir='ltr'>sive</span> <span class='ocrx_word' id='word_1_51' title='bbox 290 1031 370 1111; x_wconf 92' lang='lat' dir='ltr'>quid</span> <span class='ocrx_word' id='word_1_52' title='bbox 396 1032 542 1114; x_wconf 91' lang='lat' dir='ltr'>positum</span> <span class='ocrx_word' id='word_1_53' title='bbox 569 1053 805 1115; x_wconf 90' lang='lat' dir='ltr'>suspensumve</span> <span class='ocrx_word' id='word_1_54' title='bbox 831 1031 993 1108; x_wconf 87' lang='lat' dir='ltr'>habuerit,</span> <span class='ocrx_word' id='word_1_55' title='bbox 1019 1033 1111 1095; x_wconf 90' lang='lat' dir='ltr'>cuius</span> <span class='ocrx_word' id='word_1_56' title='bbox 1137 1051 1232 1095; x_wconf 92' lang='lat' dir='ltr'>casus</span> <span class='ocrx_word' id='word_1_57' title='bbox 1259 1032 1345 1112; x_wconf 92' lang='lat' dir='ltr'>peri·</span> 
     </span>
     <span class='ocr_line' id='line_1_8' title="bbox 195 1133 1346 1219; baseline 0.001 -23"><span class='ocrx_word' id='word_1_58' title='bbox 195 1133 327 1196; x_wconf 91' lang='lat' dir='ltr'>culosus</span> <span class='ocrx_word' id='word_1_59' title='bbox 343 1143 411 1197; x_wconf 88' lang='lat' dir='ltr'>est:</span> <span class='ocrx_word' id='word_1_60' title='bbox 436 1135 563 1199; x_wconf 89' lang='lat' dir='ltr'>Iuliano</span> <span class='ocrx_word' id='word_1_61' title='bbox 582 1136 705 1219; x_wconf 86' lang='lat' dir='ltr'><strong>placuit</strong></span> <span class='ocrx_word' id='word_1_62' title='bbox 728 1138 760 1199; x_wconf 88' lang='lat' dir='ltr'>in</span> <span class='ocrx_word' id='word_1_63' title='bbox 782 1146 911 1219; x_wconf 90' lang='lat' dir='ltr'>patrem</span> <span class='ocrx_word' id='word_1_64' title='bbox 933 1134 1056 1199; x_wconf 93' lang='lat' dir='ltr'>nullam</span> <span class='ocrx_word' id='word_1_65' title='bbox 1079 1156 1151 1199; x_wconf 89' lang='lat' dir='ltr'>esse</span> <span class='ocrx_word' id='word_1_66' title='bbox 1169 1136 1346 1212; x_wconf 85' lang='lat' dir='ltr'>actionem,</span> 
     </span>
     <span class='ocr_line' id='line_1_9' title="bbox 195 1236 1346 1324; baseline 0.003 -26"><span class='ocrx_word' id='word_1_67' title='bbox 195 1236 254 1298; x_wconf 91' lang='lat' dir='ltr'>sed</span> <span class='ocrx_word' id='word_1_68' title='bbox 271 1256 346 1298; x_wconf 91' lang='lat' dir='ltr'>cum</span> <span class='ocrx_word' id='word_1_69' title='bbox 369 1237 440 1319; x_wconf 93' lang='lat' dir='ltr'>ipso</span> <span class='ocrx_word' id='word_1_70' title='bbox 464 1238 530 1303; x_wconf 89' lang='lat' dir='ltr'>lilio</span> <span class='ocrx_word' id='word_1_71' title='bbox 553 1241 729 1324; x_wconf 88' lang='lat' dir='ltr'>agendum.</span> <span class='ocrx_word' id='word_1_72' title='bbox 766 1239 856 1321; x_wconf 92' lang='lat' dir='ltr'>quod</span> <span class='ocrx_word' id='word_1_73' title='bbox 880 1249 914 1303; x_wconf 93' lang='lat' dir='ltr'>et</span> <span class='ocrx_word' id='word_1_74' title='bbox 937 1240 970 1302; x_wconf 90' lang='lat' dir='ltr'>in</span> <span class='ocrx_word' id='word_1_75' title='bbox 993 1238 1061 1302; x_wconf 84' lang='lat' dir='ltr'>tilio</span> <span class='ocrx_word' id='word_1_76' title='bbox 1080 1238 1221 1302; x_wconf 83' lang='lat' dir='ltr'>familias</span> <span class='ocrx_word' id='word_1_77' title='bbox 1237 1239 1346 1302; x_wconf 92' lang='lat' dir='ltr'>iudice</span> 
     </span>
    </p>
   </div>
   <div class='ocr_carea' id='block_1_3' title="bbox 197 1541 1363 4528">
    <p class='ocr_par' dir='ltr' id='par_1_3' title="bbox 197 1541 1352 2863">
     <span class='ocr_line' id='line_1_10' title="bbox 197 1541 1348 1615; baseline 0.003 -21"><span class='ocrx_word' id='word_1_78' title='bbox 197 1557 253 1611; x_wconf 92' lang='lat' dir='ltr'>quo</span> <span class='ocrx_word' id='word_1_79' title='bbox 266 1541 349 1611; x_wconf 92' lang='lat' dir='ltr'>vulgo</span> <span class='ocrx_word' id='word_1_80' title='bbox 362 1541 415 1596; x_wconf 90' lang='lat' dir='ltr'>iter</span> <span class='ocrx_word' id='word_1_81' title='bbox 427 1542 483 1611; x_wconf 86' lang='lat' dir='ltr'>fiet,</span> <span class='ocrx_word' id='word_1_82' title='bbox 496 1543 541 1597; x_wconf 90' lang='lat' dir='ltr'>vel</span> <span class='ocrx_word' id='word_1_83' title='bbox 558 1541 586 1596; x_wconf 91' lang='lat' dir='ltr'>in</span> <span class='ocrx_word' id='word_1_84' title='bbox 599 1560 655 1613; x_wconf 92' lang='lat' dir='ltr'>quo</span> <span class='ocrx_word' id='word_1_85' title='bbox 669 1542 845 1612; x_wconf 88' lang='lat' dir='ltr'>consistetur,</span> <span class='ocrx_word' id='word_1_86' title='bbox 859 1543 1000 1599; x_wconf 89' lang='lat' dir='ltr'>deiectum</span> <span class='ocrx_word' id='word_1_87' title='bbox 1013 1544 1057 1598; x_wconf 89' lang='lat' dir='ltr'>vel</span> <span class='ocrx_word' id='word_1_88' title='bbox 1070 1543 1189 1599; x_wconf 87' lang='lat' dir='ltr'>effusum</span> <span class='ocrx_word' id='word_1_89' title='bbox 1203 1543 1271 1615; x_wconf 92' lang='lat' dir='ltr'>quid</span> <span class='ocrx_word' id='word_1_90' title='bbox 1285 1542 1348 1611; x_wconf 87' lang='lat' dir='ltr'>erit,</span> 
     </span>
     <span class='ocr_line' id='line_1_11' title="bbox 197 1625 1347 1697; baseline 0.002 -20"><span class='ocrx_word' id='word_1_91' title='bbox 197 1633 334 1694; x_wconf 85' lang='lat' dir='ltr'>quantum</span> <span class='ocrx_word' id='word_1_92' title='bbox 359 1641 393 1679; x_wconf 87' lang='lat' dir='ltr'>ex</span> <span class='ocrx_word' id='word_1_93' title='bbox 417 1642 452 1680; x_wconf 89' lang='lat' dir='ltr'>ea</span> <span class='ocrx_word' id='word_1_94' title='bbox 475 1643 506 1680; x_wconf 92' lang='lat' dir='ltr'>re</span> <span class='ocrx_word' id='word_1_95' title='bbox 530 1625 666 1679; x_wconf 84' lang='lat' dir='ltr'>damnum</span> <span class='ocrx_word' id='word_1_96' title='bbox 691 1626 790 1680; x_wconf 90' lang='lat' dir='ltr'>datum</span> <span class='ocrx_word' id='word_1_97' title='bbox 819 1626 961 1681; x_wconf 84' lang='lat' dir='ltr'>laetumve</span> <span class='ocrx_word' id='word_1_98' title='bbox 988 1625 1049 1695; x_wconf 91' lang='lat' dir='ltr'>erit,</span> <span class='ocrx_word' id='word_1_99' title='bbox 1075 1627 1103 1680; x_wconf 90' lang='lat' dir='ltr'>in</span> <span class='ocrx_word' id='word_1_100' title='bbox 1130 1644 1204 1695; x_wconf 91' lang='lat' dir='ltr'>eum,</span> <span class='ocrx_word' id='word_1_101' title='bbox 1229 1628 1276 1697; x_wconf 93' lang='lat' dir='ltr'>qui</span> <span class='ocrx_word' id='word_1_102' title='bbox 1307 1625 1347 1679; x_wconf 92' lang='lat' dir='ltr'>lbi</span> 
     </span>
     <span class='ocr_line' id='line_1_12' title="bbox 197 1706 1349 1780; baseline 0.001 -19"><span class='ocrx_word' id='word_1_103' title='bbox 197 1706 374 1777; x_wconf 83' lang='lat' dir='ltr'>habitaverit,</span> <span class='ocrx_word' id='word_1_104' title='bbox 393 1707 421 1762; x_wconf 90' lang='lat' dir='ltr'>in</span> <span class='ocrx_word' id='word_1_105' title='bbox 440 1709 558 1778; x_wconf 91' lang='lat' dir='ltr'>duplum</span> <span class='ocrx_word' id='word_1_106' title='bbox 576 1708 710 1763; x_wconf 87' lang='lat' dir='ltr'>iudicium</span> <span class='ocrx_word' id='word_1_107' title='bbox 729 1707 819 1764; x_wconf 81' lang='lat' dir='ltr'>dabo’</span> <span class='ocrx_word' id='word_1_108' title='bbox 839 1709 905 1779; x_wconf 92' lang='lat' dir='ltr'>Dig.</span> <span class='ocrx_word' id='word_1_109' title='bbox 918 1724 943 1779; x_wconf 90' lang='lat'>9.</span> <span class='ocrx_word' id='word_1_110' title='bbox 956 1725 980 1777; x_wconf 84' lang='lat'>3.</span> <span class='ocrx_word' id='word_1_111' title='bbox 997 1725 1019 1763; x_wconf 85' lang='grc' dir='ltr'>ι.</span> <span class='ocrx_word' id='word_1_112' title='bbox 1032 1727 1073 1780; x_wconf 89' lang='lat' dir='ltr'>pr.</span> <span class='ocrx_word' id='word_1_113' title='bbox 1110 1711 1172 1766; x_wconf 86' lang='lat' dir='ltr'>The</span> <span class='ocrx_word' id='word_1_114' title='bbox 1191 1710 1285 1764; x_wconf 90' lang='lat' dir='ltr'>action</span> <span class='ocrx_word' id='word_1_115' title='bbox 1305 1709 1349 1762; x_wconf 88' lang='lat' dir='ltr'>ior</span> 
     </span>
     <span class='ocr_line' id='line_1_13' title="bbox 197 1791 1348 1863; baseline -0.001 -17"><span class='ocrx_word' id='word_1_116' title='bbox 197 1791 246 1846; x_wconf 87' lang='lat' dir='ltr'>the</span> <span class='ocrx_word' id='word_1_117' title='bbox 259 1808 392 1860; x_wconf 89' lang='lat' dir='ltr'>recovery</span> <span class='ocrx_word' id='word_1_118' title='bbox 405 1791 438 1845; x_wconf 83' lang='lat' dir='ltr'>ol</span> <span class='ocrx_word' id='word_1_119' title='bbox 446 1792 493 1847; x_wconf 89' lang='lat' dir='ltr'>the</span> <span class='ocrx_word' id='word_1_120' title='bbox 506 1793 621 1861; x_wconf 86' lang='lat' dir='ltr'>penalty</span> <span class='ocrx_word' id='word_1_121' title='bbox 631 1810 688 1846; x_wconf 86' lang='lat' dir='ltr'>was</span> <span class='ocrx_word' id='word_1_122' title='bbox 701 1792 844 1863; x_wconf 89' lang='lat' dir='ltr'>popularis</span> <span class='ocrx_word' id='word_1_123' title='bbox 858 1792 903 1861; x_wconf 83' lang='lat' dir='ltr'>(ci.</span> <span class='ocrx_word' id='word_1_124' title='bbox 918 1793 970 1848; x_wconf 89' lang='lat' dir='ltr'>Bk.</span> <span class='ocrx_word' id='word_1_125' title='bbox 984 1792 1001 1848; x_wconf 92' lang='lat' dir='ltr'>i.</span> <span class='ocrx_word' id='word_1_126' title='bbox 1016 1793 1057 1847; x_wconf 88' lang='lat'>26.</span> <span class='ocrx_word' id='word_1_127' title='bbox 1072 1808 1087 1860; x_wconf 84' lang='lat'>3</span> <span class='ocrx_word' id='word_1_128' title='bbox 1100 1794 1157 1848; x_wconf 89' lang='lat' dir='ltr'>and</span> <span class='ocrx_word' id='word_1_129' title='bbox 1170 1804 1246 1858; x_wconf 89' lang='lat' dir='ltr'>note,</span> <span class='ocrx_word' id='word_1_130' title='bbox 1259 1791 1348 1862; x_wconf 88' lang='lat' dir='ltr'>supr.)</span> 
     </span>
     <span class='ocr_line' id='line_1_14' title="bbox 199 1873 1349 1943; baseline 0.001 -15"><span class='ocrx_word' id='word_1_131' title='bbox 199 1873 224 1928; x_wconf 84' lang='lat' dir='ltr'>ir</span> <span class='ocrx_word' id='word_1_132' title='bbox 238 1876 285 1928; x_wconf 90' lang='lat' dir='ltr'>the</span> <span class='ocrx_word' id='word_1_133' title='bbox 298 1874 407 1929; x_wconf 84' lang='lat' dir='ltr'>offence</span> <span class='ocrx_word' id='word_1_134' title='bbox 420 1875 543 1930; x_wconf 88' lang='lat' dir='ltr'>resulted</span> <span class='ocrx_word' id='word_1_135' title='bbox 562 1875 590 1929; x_wconf 91' lang='lat' dir='ltr'>in</span> <span class='ocrx_word' id='word_1_136' title='bbox 609 1876 657 1930; x_wconf 91' lang='lat' dir='ltr'>the</span> <span class='ocrx_word' id='word_1_137' title='bbox 676 1875 762 1930; x_wconf 88' lang='lat' dir='ltr'>death</span> <span class='ocrx_word' id='word_1_138' title='bbox 775 1875 809 1929; x_wconf 82' lang='lat' dir='ltr'>oi</span> <span class='ocrx_word' id='word_1_139' title='bbox 822 1893 840 1930; x_wconf 88' lang='lat' dir='ltr'>a</span> <span class='ocrx_word' id='word_1_140' title='bbox 858 1875 915 1929; x_wconf 82' lang='lat' dir='ltr'>free</span> <span class='ocrx_word' id='word_1_141' title='bbox 928 1875 1202 1930; x_wconf 84' lang='lat' dir='ltr'>man—‘dummodo</span> <span class='ocrx_word' id='word_1_142' title='bbox 1215 1874 1349 1943; x_wconf 89' lang='lat' dir='ltr'>sciamus,</span> 
     </span>
     <span class='ocr_line' id='line_1_15' title="bbox 198 1957 1350 2029; baseline -0.002 -15"><span class='ocrx_word' id='word_1_143' title='bbox 198 1975 233 2014; x_wconf 86' lang='lat' dir='ltr'>ex</span> <span class='ocrx_word' id='word_1_144' title='bbox 242 1957 368 2028; x_wconf 91' lang='lat' dir='ltr'>pluribus</span> <span class='ocrx_word' id='word_1_145' title='bbox 378 1958 603 2013; x_wconf 85' lang='lat' dir='ltr'>desiderantibus</span> <span class='ocrx_word' id='word_1_146' title='bbox 613 1960 684 2014; x_wconf 88' lang='lat' dir='ltr'>haec</span> <span class='ocrx_word' id='word_1_147' title='bbox 696 1959 838 2014; x_wconf 88' lang='lat' dir='ltr'>actionem</span> <span class='ocrx_word' id='word_1_148' title='bbox 848 1959 873 2014; x_wconf 92' lang='lat' dir='ltr'>ei</span> <span class='ocrx_word' id='word_1_149' title='bbox 884 1958 1062 2029; x_wconf 90' lang='lat' dir='ltr'>potissimum</span> <span class='ocrx_word' id='word_1_150' title='bbox 1072 1959 1132 2013; x_wconf 89' lang='lat' dir='ltr'>dari</span> <span class='ocrx_word' id='word_1_151' title='bbox 1143 1960 1254 2024; x_wconf 88' lang='lat' dir='ltr'>debere,</span> <span class='ocrx_word' id='word_1_152' title='bbox 1268 1959 1350 2013; x_wconf 87' lang='lat' dir='ltr'>cuius</span> 
     </span>
     <span class='ocr_line' id='line_1_16' title="bbox 200 2040 1350 2112; baseline 0 -16"><span class='ocrx_word' id='word_1_153' title='bbox 200 2040 325 2110; x_wconf 88' lang='lat' dir='ltr'>interest,</span> <span class='ocrx_word' id='word_1_154' title='bbox 335 2043 379 2097; x_wconf 89' lang='lat' dir='ltr'>vel</span> <span class='ocrx_word' id='word_1_155' title='bbox 387 2042 434 2112; x_wconf 89' lang='lat' dir='ltr'>qui</span> <span class='ocrx_word' id='word_1_156' title='bbox 445 2042 591 2097; x_wconf 85' lang='lat' dir='ltr'>adfinitate</span> <span class='ocrx_word' id='word_1_157' title='bbox 601 2042 805 2112; x_wconf 89' lang='lat' dir='ltr'>cognationeve</span> <span class='ocrx_word' id='word_1_158' title='bbox 814 2043 978 2097; x_wconf 84' lang='lat' dir='ltr'>defunctum</span> <span class='ocrx_word' id='word_1_159' title='bbox 989 2042 1142 2112; x_wconf 89' lang='lat' dir='ltr'>contingit&#39;</span> <span class='ocrx_word' id='word_1_160' title='bbox 1155 2041 1219 2112; x_wconf 89' lang='lat' dir='ltr'>Dig.</span> <span class='ocrx_word' id='word_1_161' title='bbox 1230 2042 1266 2096; x_wconf 92' lang='lat' dir='ltr'>ib.</span> <span class='ocrx_word' id='word_1_162' title='bbox 1280 2055 1302 2111; x_wconf 82' lang='grc'>5.</span> <span class='ocrx_word' id='word_1_163' title='bbox 1314 2055 1327 2111; x_wconf 82' lang='lat'>5</span> <span class='ocrx_word' id='word_1_164' title='bbox 1342 2063 1350 2108; x_wconf 88' lang='lat'>;</span> 
     </span>
     <span class='ocr_line' id='line_1_17' title="bbox 201 2124 1350 2196; baseline 0.002 -18"><span class='ocrx_word' id='word_1_165' title='bbox 201 2124 257 2179; x_wconf 88' lang='lat' dir='ltr'>like</span> <span class='ocrx_word' id='word_1_166' title='bbox 271 2126 353 2195; x_wconf 90' lang='lat' dir='ltr'>penal</span> <span class='ocrx_word' id='word_1_167' title='bbox 366 2124 475 2180; x_wconf 90' lang='lat' dir='ltr'>actions</span> <span class='ocrx_word' id='word_1_168' title='bbox 494 2124 522 2179; x_wconf 90' lang='lat' dir='ltr'>in</span> <span class='ocrx_word' id='word_1_169' title='bbox 541 2127 664 2196; x_wconf 88' lang='lat' dir='ltr'>general,</span> <span class='ocrx_word' id='word_1_170' title='bbox 678 2125 698 2180; x_wconf 90' lang='lat' dir='ltr'>it</span> <span class='ocrx_word' id='word_1_171' title='bbox 712 2142 768 2179; x_wconf 89' lang='lat' dir='ltr'>was</span> <span class='ocrx_word' id='word_1_172' title='bbox 786 2135 835 2180; x_wconf 90' lang='lat' dir='ltr'>not</span> <span class='ocrx_word' id='word_1_173' title='bbox 851 2125 992 2196; x_wconf 89' lang='lat' dir='ltr'>passively</span> <span class='ocrx_word' id='word_1_174' title='bbox 1004 2125 1217 2193; x_wconf 88' lang='lat' dir='ltr'>transmissible,</span> <span class='ocrx_word' id='word_1_175' title='bbox 1231 2126 1288 2180; x_wconf 87' lang='lat' dir='ltr'>and</span> <span class='ocrx_word' id='word_1_176' title='bbox 1301 2126 1350 2181; x_wconf 88' lang='lat' dir='ltr'>the</span> 
     </span>
     <span class='ocr_line' id='line_1_18' title="bbox 200 2207 1351 2279; baseline 0 -17"><span class='ocrx_word' id='word_1_177' title='bbox 200 2207 269 2262; x_wconf 90' lang='lat' dir='ltr'>time</span> <span class='ocrx_word' id='word_1_178' title='bbox 288 2207 384 2263; x_wconf 90' lang='lat' dir='ltr'>within</span> <span class='ocrx_word' id='word_1_179' title='bbox 404 2207 494 2263; x_wconf 89' lang='lat' dir='ltr'>which</span> <span class='ocrx_word' id='word_1_180' title='bbox 515 2207 535 2262; x_wconf 94' lang='lat' dir='ltr'>it</span> <span class='ocrx_word' id='word_1_181' title='bbox 553 2209 637 2263; x_wconf 94' lang='lat' dir='ltr'>could</span> <span class='ocrx_word' id='word_1_182' title='bbox 655 2209 691 2264; x_wconf 90' lang='lat' dir='ltr'>be</span> <span class='ocrx_word' id='word_1_183' title='bbox 710 2209 831 2279; x_wconf 89' lang='lat' dir='ltr'>brought</span> <span class='ocrx_word' id='word_1_184' title='bbox 848 2226 905 2263; x_wconf 89' lang='lat' dir='ltr'>was</span> <span class='ocrx_word' id='word_1_185' title='bbox 924 2208 1032 2263; x_wconf 92' lang='lat' dir='ltr'>limited</span> <span class='ocrx_word' id='word_1_186' title='bbox 1051 2219 1081 2263; x_wconf 87' lang='lat' dir='ltr'>to</span> <span class='ocrx_word' id='word_1_187' title='bbox 1099 2226 1117 2263; x_wconf 92' lang='lat' dir='ltr'>a</span> <span class='ocrx_word' id='word_1_188' title='bbox 1135 2225 1208 2278; x_wconf 86' lang='lat' dir='ltr'>year.</span> <span class='ocrx_word' id='word_1_189' title='bbox 1246 2212 1273 2263; x_wconf 91' lang='lat' dir='ltr'><strong>A</strong></span> <span class='ocrx_word' id='word_1_190' title='bbox 1291 2208 1351 2262; x_wconf 82' lang='lat' dir='ltr'>free</span> 
     </span>
     <span class='ocr_line' id='line_1_19' title="bbox 201 2290 1351 2361; baseline 0.001 -16"><span class='ocrx_word' id='word_1_191' title='bbox 201 2308 268 2345; x_wconf 88' lang='lat' dir='ltr'>man</span> <span class='ocrx_word' id='word_1_192' title='bbox 288 2291 351 2345; x_wconf 92' lang='lat' dir='ltr'>who</span> <span class='ocrx_word' id='word_1_193' title='bbox 369 2308 426 2345; x_wconf 86' lang='lat' dir='ltr'>was</span> <span class='ocrx_word' id='word_1_194' title='bbox 445 2292 511 2360; x_wconf 87' lang='lat' dir='ltr'>only</span> <span class='ocrx_word' id='word_1_195' title='bbox 529 2290 638 2361; x_wconf 87' lang='lat' dir='ltr'>injured</span> <span class='ocrx_word' id='word_1_196' title='bbox 660 2292 743 2346; x_wconf 90' lang='lat' dir='ltr'>could</span> <span class='ocrx_word' id='word_1_197' title='bbox 765 2309 816 2346; x_wconf 87' lang='lat' dir='ltr'>sue</span> <span class='ocrx_word' id='word_1_198' title='bbox 839 2303 868 2346; x_wconf 90' lang='lat' dir='ltr'>at</span> <span class='ocrx_word' id='word_1_199' title='bbox 887 2308 943 2360; x_wconf 89' lang='lat' dir='ltr'>any</span> <span class='ocrx_word' id='word_1_200' title='bbox 961 2292 1058 2360; x_wconf 87' lang='lat' dir='ltr'>length</span> <span class='ocrx_word' id='word_1_201' title='bbox 1077 2293 1110 2345; x_wconf 85' lang='lat' dir='ltr'>oi</span> <span class='ocrx_word' id='word_1_202' title='bbox 1123 2292 1191 2346; x_wconf 88' lang='lat' dir='ltr'>time</span> <span class='ocrx_word' id='word_1_203' title='bbox 1209 2292 1282 2345; x_wconf 84' lang='lat' dir='ltr'>from</span> <span class='ocrx_word' id='word_1_204' title='bbox 1301 2293 1351 2346; x_wconf 89' lang='lat' dir='ltr'>the</span> 
     </span>
     <span class='ocr_line' id='line_1_20' title="bbox 202 2374 1351 2446; baseline -0.001 -18"><span class='ocrx_word' id='word_1_205' title='bbox 202 2391 378 2442; x_wconf 88' lang='lat' dir='ltr'>occurrence,</span> <span class='ocrx_word' id='word_1_206' title='bbox 392 2375 449 2428; x_wconf 88' lang='lat' dir='ltr'>and</span> <span class='ocrx_word' id='word_1_207' title='bbox 469 2375 497 2428; x_wconf 91' lang='lat' dir='ltr'>in</span> <span class='ocrx_word' id='word_1_208' title='bbox 516 2375 585 2428; x_wconf 90' lang='lat' dir='ltr'>such</span> <span class='ocrx_word' id='word_1_209' title='bbox 603 2391 683 2428; x_wconf 89' lang='lat' dir='ltr'>cases</span> <span class='ocrx_word' id='word_1_210' title='bbox 699 2375 746 2429; x_wconf 91' lang='lat' dir='ltr'>the</span> <span class='ocrx_word' id='word_1_211' title='bbox 762 2374 855 2429; x_wconf 86' lang='lat' dir='ltr'>action</span> <span class='ocrx_word' id='word_1_212' title='bbox 870 2391 962 2429; x_wconf 89' lang='lat' dir='ltr'>seems</span> <span class='ocrx_word' id='word_1_213' title='bbox 975 2375 1035 2429; x_wconf 88' lang='lat' dir='ltr'>also</span> <span class='ocrx_word' id='word_1_214' title='bbox 1049 2383 1078 2429; x_wconf 94' lang='lat' dir='ltr'>to</span> <span class='ocrx_word' id='word_1_215' title='bbox 1090 2376 1163 2429; x_wconf 91' lang='lat' dir='ltr'>have</span> <span class='ocrx_word' id='word_1_216' title='bbox 1175 2375 1248 2429; x_wconf 90' lang='lat' dir='ltr'>been</span> <span class='ocrx_word' id='word_1_217' title='bbox 1261 2391 1351 2446; x_wconf 90' lang='lat' dir='ltr'>popu·</span> 
     </span>
     <span class='ocr_line' id='line_1_21' title="bbox 202 2448 1352 2529; baseline 0.001 -17"><span class='ocrx_word' id='word_1_218' title='bbox 202 2457 268 2513; x_wconf 86' lang='lat' dir='ltr'>laris</span> <span class='ocrx_word' id='word_1_219' title='bbox 281 2458 325 2512; x_wconf 84' lang='lat' dir='ltr'>ior</span> <span class='ocrx_word' id='word_1_220' title='bbox 336 2475 354 2512; x_wconf 89' lang='lat' dir='ltr'>a</span> <span class='ocrx_word' id='word_1_221' title='bbox 372 2475 458 2527; x_wconf 89' lang='lat' dir='ltr'>year:</span> <span class='ocrx_word' id='word_1_222' title='bbox 475 2458 541 2513; x_wconf 84' lang='lat' dir='ltr'>‘sed</span> <span class='ocrx_word' id='word_1_223' title='bbox 560 2459 583 2512; x_wconf 91' lang='lat' dir='ltr'>si</span> <span class='ocrx_word' id='word_1_224' title='bbox 603 2458 691 2513; x_wconf 92' lang='lat' dir='ltr'>libero</span> <span class='ocrx_word' id='word_1_225' title='bbox 704 2457 829 2513; x_wconf 90' lang='lat' dir='ltr'>nocitum</span> <span class='ocrx_word' id='word_1_226' title='bbox 842 2468 893 2527; x_wconf 92' lang='lat' dir='ltr'>est,</span> <span class='ocrx_word' id='word_1_227' title='bbox 907 2457 960 2528; x_wconf 90' lang='lat' dir='ltr'>ipsi</span> <span class='ocrx_word' id='word_1_228' title='bbox 973 2468 1109 2529; x_wconf 91' lang='lat' dir='ltr'>perpetua</span> <span class='ocrx_word' id='word_1_229' title='bbox 1122 2458 1174 2513; x_wconf 87' lang='lat' dir='ltr'>erit</span> <span class='ocrx_word' id='word_1_230' title='bbox 1186 2448 1280 2525; x_wconf 84' lang='lat' dir='ltr'>actio;</span> <span class='ocrx_word' id='word_1_231' title='bbox 1299 2459 1352 2513; x_wconf 87' lang='lat' dir='ltr'>sed</span> 
     </span>
     <span class='ocr_line' id='line_1_22' title="bbox 203 2540 1352 2613; baseline 0.002 -18"><span class='ocrx_word' id='word_1_232' title='bbox 203 2541 227 2596; x_wconf 89' lang='lat' dir='ltr'>si</span> <span class='ocrx_word' id='word_1_233' title='bbox 249 2541 320 2596; x_wconf 89' lang='lat' dir='ltr'>alius</span> <span class='ocrx_word' id='word_1_234' title='bbox 341 2541 407 2597; x_wconf 90' lang='lat' dir='ltr'>velit</span> <span class='ocrx_word' id='word_1_235' title='bbox 432 2542 550 2613; x_wconf 87' lang='lat' dir='ltr'>experiri</span> <span class='ocrx_word' id='word_1_236' title='bbox 572 2559 667 2597; x_wconf 88' lang='lat' dir='ltr'>annua</span> <span class='ocrx_word' id='word_1_237' title='bbox 688 2541 740 2597; x_wconf 89' lang='lat' dir='ltr'>erit</span> <span class='ocrx_word' id='word_1_238' title='bbox 760 2542 831 2596; x_wconf 84' lang='lat' dir='ltr'>haec</span> <span class='ocrx_word' id='word_1_239' title='bbox 849 2540 932 2610; x_wconf 89' lang='lat' dir='ltr'>actio,</span> <span class='ocrx_word' id='word_1_240' title='bbox 951 2558 1003 2596; x_wconf 90' lang='lat' dir='ltr'>nec</span> <span class='ocrx_word' id='word_1_241' title='bbox 1025 2541 1102 2596; x_wconf 91' lang='lat' dir='ltr'>enim</span> <span class='ocrx_word' id='word_1_242' title='bbox 1120 2542 1272 2596; x_wconf 89' lang='lat' dir='ltr'>heredibus</span> <span class='ocrx_word' id='word_1_243' title='bbox 1291 2541 1352 2597; x_wconf 86' lang='lat' dir='ltr'>iure</span> 
     </span>
     <span class='ocr_line' id='line_1_23' title="bbox 202 2624 1352 2697; baseline -0.001 -18"><span class='ocrx_word' id='word_1_244' title='bbox 202 2624 372 2680; x_wconf 87' lang='lat' dir='ltr'>hereditario</span> <span class='ocrx_word' id='word_1_245' title='bbox 394 2626 537 2695; x_wconf 90' lang='lat' dir='ltr'>competit,</span> <span class='ocrx_word' id='word_1_246' title='bbox 555 2626 659 2697; x_wconf 89' lang='lat' dir='ltr'>quippe</span> <span class='ocrx_word' id='word_1_247' title='bbox 680 2625 757 2697; x_wconf 90' lang='lat' dir='ltr'>quod</span> <span class='ocrx_word' id='word_1_248' title='bbox 776 2624 804 2679; x_wconf 91' lang='lat' dir='ltr'>in</span> <span class='ocrx_word' id='word_1_249' title='bbox 823 2641 939 2695; x_wconf 89' lang='lat' dir='ltr'>corpore</span> <span class='ocrx_word' id='word_1_250' title='bbox 958 2624 1046 2679; x_wconf 92' lang='lat' dir='ltr'>libero</span> <span class='ocrx_word' id='word_1_251' title='bbox 1065 2625 1161 2679; x_wconf 91' lang='lat' dir='ltr'>damni</span> <span class='ocrx_word' id='word_1_252' title='bbox 1181 2625 1272 2693; x_wconf 89' lang='lat' dir='ltr'>datur,</span> <span class='ocrx_word' id='word_1_253' title='bbox 1292 2625 1352 2679; x_wconf 91' lang='lat' dir='ltr'>iure</span> 
     </span>
     <span class='ocr_line' id='line_1_24' title="bbox 202 2707 1352 2777; baseline -0.001 -15"><span class='ocrx_word' id='word_1_254' title='bbox 202 2708 372 2763; x_wconf 89' lang='lat' dir='ltr'>hereditario</span> <span class='ocrx_word' id='word_1_255' title='bbox 391 2709 510 2763; x_wconf 87' lang='lat' dir='ltr'>transire</span> <span class='ocrx_word' id='word_1_256' title='bbox 532 2708 569 2763; x_wconf 83' lang='lat' dir='ltr'>ad</span> <span class='ocrx_word' id='word_1_257' title='bbox 591 2724 768 2763; x_wconf 89' lang='lat' dir='ltr'>successores</span> <span class='ocrx_word' id='word_1_258' title='bbox 789 2725 847 2762; x_wconf 87' lang='lat' dir='ltr'>non</span> <span class='ocrx_word' id='word_1_259' title='bbox 870 2708 962 2776; x_wconf 86' lang='lat' dir='ltr'>debet,</span> <span class='ocrx_word' id='word_1_260' title='bbox 983 2707 1063 2777; x_wconf 89' lang='lat' dir='ltr'>quasi</span> <span class='ocrx_word' id='word_1_261' title='bbox 1083 2708 1195 2762; x_wconf 90' lang='lat' dir='ltr'>nonsit</span> <span class='ocrx_word' id='word_1_262' title='bbox 1215 2708 1352 2762; x_wconf 87' lang='lat' dir='ltr'>damnum</span> 
     </span>
     <span class='ocr_line' id='line_1_25' title="bbox 202 2791 1083 2863; baseline -0.003 -16"><span class='ocrx_word' id='word_1_263' title='bbox 202 2791 403 2863; x_wconf 88' lang='lat' dir='ltr'>pecuniarium,</span> <span class='ocrx_word' id='word_1_264' title='bbox 416 2811 482 2847; x_wconf 88' lang='lat' dir='ltr'>nam</span> <span class='ocrx_word' id='word_1_265' title='bbox 496 2811 530 2847; x_wconf 91' lang='lat' dir='ltr'>ex</span> <span class='ocrx_word' id='word_1_266' title='bbox 543 2793 618 2847; x_wconf 91' lang='lat' dir='ltr'>bono</span> <span class='ocrx_word' id='word_1_267' title='bbox 632 2802 659 2847; x_wconf 89' lang='lat' dir='ltr'>et</span> <span class='ocrx_word' id='word_1_268' title='bbox 673 2809 764 2862; x_wconf 92' lang='lat' dir='ltr'>aequo</span> <span class='ocrx_word' id='word_1_269' title='bbox 777 2791 877 2846; x_wconf 89' lang='lat' dir='ltr'>oritur¹</span> <span class='ocrx_word' id='word_1_270' title='bbox 892 2791 958 2860; x_wconf 92' lang='lat' dir='ltr'>Dig.</span> <span class='ocrx_word' id='word_1_271' title='bbox 971 2793 1023 2846; x_wconf 89' lang='lat' dir='ltr'>loc.</span> <span class='ocrx_word' id='word_1_272' title='bbox 1037 2792 1083 2846; x_wconf 92' lang='lat' dir='ltr'>cit.</span> 
     </span>
    </p>

    <p class='ocr_par' dir='ltr' id='par_1_4' title="bbox 204 2874 1354 3197">
     <span class='ocr_line' id='line_1_26' title="bbox 240 2874 1353 2947; baseline -0.001 -18"><span class='ocrx_word' id='word_1_273' title='bbox 240 2877 269 2929; x_wconf 84' lang='lat' dir='ltr'>ls</span> <span class='ocrx_word' id='word_1_274' title='bbox 278 2878 325 2931; x_wconf 92' lang='lat' dir='ltr'>the</span> <span class='ocrx_word' id='word_1_275' title='bbox 338 2877 470 2947; x_wconf 91' lang='lat' dir='ltr'>occupier</span> <span class='ocrx_word' id='word_1_276' title='bbox 482 2877 515 2930; x_wconf 88' lang='lat' dir='ltr'>oi</span> <span class='ocrx_word' id='word_1_277' title='bbox 524 2877 571 2931; x_wconf 88' lang='lat' dir='ltr'>the</span> <span class='ocrx_word' id='word_1_278' title='bbox 585 2878 672 2931; x_wconf 89' lang='lat' dir='ltr'>house</span> <span class='ocrx_word' id='word_1_279' title='bbox 683 2893 754 2930; x_wconf 89' lang='lat' dir='ltr'>were</span> <span class='ocrx_word' id='word_1_280' title='bbox 767 2887 827 2929; x_wconf 90' lang='lat' dir='ltr'>cast</span> <span class='ocrx_word' id='word_1_281' title='bbox 841 2875 868 2928; x_wconf 92' lang='lat' dir='ltr'>in</span> <span class='ocrx_word' id='word_1_282' title='bbox 882 2892 918 2928; x_wconf 89' lang='lat' dir='ltr'>an</span> <span class='ocrx_word' id='word_1_283' title='bbox 932 2876 1006 2929; x_wconf 85' lang='lat' dir='ltr'>actio</span> <span class='ocrx_word' id='word_1_284' title='bbox 1016 2876 1051 2929; x_wconf 90' lang='lat' dir='ltr'>de</span> <span class='ocrx_word' id='word_1_285' title='bbox 1062 2875 1158 2929; x_wconf 79' lang='lat' dir='ltr'>effusis</span> <span class='ocrx_word' id='word_1_286' title='bbox 1169 2876 1212 2929; x_wconf 89' lang='lat' dir='ltr'>vel</span> <span class='ocrx_word' id='word_1_287' title='bbox 1226 2874 1353 2940; x_wconf 90' lang='lat' dir='ltr'>deiectis,</span> 
     </span>
     <span class='ocr_line' id='line_1_27' title="bbox 204 2959 1353 3029; baseline -0.001 -17"><span class='ocrx_word' id='word_1_288' title='bbox 204 2959 240 3014; x_wconf 88' lang='lat' dir='ltr'>he</span> <span class='ocrx_word' id='word_1_289' title='bbox 254 2961 337 3014; x_wconf 88' lang='lat' dir='ltr'>could</span> <span class='ocrx_word' id='word_1_290' title='bbox 350 2978 464 3015; x_wconf 90' lang='lat' dir='ltr'>recover</span> <span class='ocrx_word' id='word_1_291' title='bbox 476 2961 514 3029; x_wconf 93' lang='lat' dir='ltr'>by</span> <span class='ocrx_word' id='word_1_292' title='bbox 527 2960 601 3014; x_wconf 91' lang='lat' dir='ltr'>actio</span> <span class='ocrx_word' id='word_1_293' title='bbox 614 2959 761 3014; x_wconf 80' lang='lat' dir='ltr'>infactum</span> <span class='ocrx_word' id='word_1_294' title='bbox 779 2960 851 3012; x_wconf 82' lang='lat' dir='ltr'>from</span> <span class='ocrx_word' id='word_1_295' title='bbox 865 2960 913 3013; x_wconf 92' lang='lat' dir='ltr'>the</span> <span class='ocrx_word' id='word_1_296' title='bbox 926 2959 1019 3013; x_wconf 87' lang='lat' dir='ltr'>actual</span> <span class='ocrx_word' id='word_1_297' title='bbox 1032 2959 1195 3029; x_wconf 90' lang='lat' dir='ltr'>delinquent</span> <span class='ocrx_word' id='word_1_298' title='bbox 1209 2961 1304 3013; x_wconf 89' lang='lat' dir='ltr'>unless</span> <span class='ocrx_word' id='word_1_299' title='bbox 1317 2959 1353 3012; x_wconf 91' lang='lat' dir='ltr'>he</span> 
     </span>
     <span class='ocr_line' id='line_1_28' title="bbox 207 3041 1354 3112; baseline 0.002 -17"><span class='ocrx_word' id='word_1_300' title='bbox 207 3061 279 3098; x_wconf 92' lang='lat' dir='ltr'>were</span> <span class='ocrx_word' id='word_1_301' title='bbox 297 3044 342 3099; x_wconf 91' lang='lat' dir='ltr'>his</span> <span class='ocrx_word' id='word_1_302' title='bbox 361 3046 437 3099; x_wconf 92' lang='lat' dir='ltr'>slave</span> <span class='ocrx_word' id='word_1_303' title='bbox 456 3061 488 3098; x_wconf 93' lang='lat' dir='ltr'>or</span> <span class='ocrx_word' id='word_1_304' title='bbox 507 3041 710 3109; x_wconf 80' lang='lat' dir='ltr'>filiusfamilias,</span> <span class='ocrx_word' id='word_1_305' title='bbox 723 3041 752 3095; x_wconf 92' lang='lat' dir='ltr'>in</span> <span class='ocrx_word' id='word_1_306' title='bbox 766 3042 857 3096; x_wconf 89' lang='lat' dir='ltr'>which</span> <span class='ocrx_word' id='word_1_307' title='bbox 876 3059 942 3097; x_wconf 88' lang='lat' dir='ltr'>case</span> <span class='ocrx_word' id='word_1_308' title='bbox 961 3043 996 3096; x_wconf 92' lang='lat' dir='ltr'>he</span> <span class='ocrx_word' id='word_1_309' title='bbox 1015 3042 1097 3097; x_wconf 93' lang='lat' dir='ltr'>could</span> <span class='ocrx_word' id='word_1_310' title='bbox 1114 3043 1224 3112; x_wconf 90' lang='lat' dir='ltr'>usually</span> <span class='ocrx_word' id='word_1_311' title='bbox 1237 3060 1293 3112; x_wconf 87' lang='lat' dir='ltr'>pay</span> <span class='ocrx_word' id='word_1_312' title='bbox 1305 3044 1354 3097; x_wconf 88' lang='lat' dir='ltr'>the</span> 
     </span>
     <span class='ocr_line' id='line_1_29' title="bbox 207 3125 853 3197; baseline 0.002 -17"><span class='ocrx_word' id='word_1_313' title='bbox 207 3125 344 3196; x_wconf 91' lang='lat' dir='ltr'>damages</span> <span class='ocrx_word' id='word_1_314' title='bbox 358 3128 430 3181; x_wconf 85' lang='lat' dir='ltr'>lrom</span> <span class='ocrx_word' id='word_1_315' title='bbox 443 3128 491 3182; x_wconf 89' lang='lat' dir='ltr'>the</span> <span class='ocrx_word' id='word_1_316' title='bbox 504 3126 645 3197; x_wconf 89' lang='lat' dir='ltr'>peculium</span> <span class='ocrx_word' id='word_1_317' title='bbox 659 3125 726 3195; x_wconf 92' lang='lat' dir='ltr'>Dig.</span> <span class='ocrx_word' id='word_1_318' title='bbox 739 3125 776 3180; x_wconf 88' lang='lat' dir='ltr'>ib.</span> <span class='ocrx_word' id='word_1_319' title='bbox 792 3138 814 3195; x_wconf 85' lang='lat'>5.</span> <span class='ocrx_word' id='word_1_320' title='bbox 827 3141 853 3192; x_wconf 83' lang='grc'>4.</span> 
     </span>
    </p>

    <p class='ocr_par' dir='ltr' id='par_1_5' title="bbox 205 3208 1358 3780">
     <span class='ocr_line' id='line_1_30' title="bbox 242 3208 1355 3280; baseline 0.001 -18"><span class='ocrx_word' id='word_1_321' title='bbox 242 3211 299 3264; x_wconf 87' lang='lat' dir='ltr'>For</span> <span class='ocrx_word' id='word_1_322' title='bbox 317 3212 365 3265; x_wconf 92' lang='lat' dir='ltr'>the</span> <span class='ocrx_word' id='word_1_323' title='bbox 387 3209 461 3265; x_wconf 89' lang='lat' dir='ltr'>actio</span> <span class='ocrx_word' id='word_1_324' title='bbox 483 3209 567 3280; x_wconf 90' lang='lat' dir='ltr'>positi</span> <span class='ocrx_word' id='word_1_325' title='bbox 593 3220 640 3264; x_wconf 93' lang='lat' dir='ltr'>aut</span> <span class='ocrx_word' id='word_1_326' title='bbox 665 3208 794 3278; x_wconf 88' lang='lat' dir='ltr'>suspensi</span> <span class='ocrx_word' id='word_1_327' title='bbox 813 3208 849 3263; x_wconf 83' lang='lat' dir='ltr'>cl.</span> <span class='ocrx_word' id='word_1_328' title='bbox 870 3209 934 3279; x_wconf 92' lang='lat' dir='ltr'>Dig.</span> <span class='ocrx_word' id='word_1_329' title='bbox 955 3225 980 3278; x_wconf 89' lang='lat'>9.</span> <span class='ocrx_word' id='word_1_330' title='bbox 996 3225 1018 3278; x_wconf 88' lang='lat'>3.</span> <span class='ocrx_word' id='word_1_331' title='bbox 1035 3210 1086 3278; x_wconf 82' lang='grc'>5-6</span> <span class='ocrx_word' id='word_1_332' title='bbox 1105 3209 1233 3280; x_wconf 87' lang='lat' dir='ltr'>‘praetor</span> <span class='ocrx_word' id='word_1_333' title='bbox 1250 3210 1299 3277; x_wconf 89' lang='lat' dir='ltr'>ait,</span> <span class='ocrx_word' id='word_1_334' title='bbox 1319 3227 1355 3263; x_wconf 89' lang='lat' dir='ltr'>ne</span> 
     </span>
     <span class='ocr_line' id='line_1_31' title="bbox 205 3292 1355 3363; baseline -0.001 -17"><span class='ocrx_word' id='word_1_335' title='bbox 205 3293 267 3363; x_wconf 91' lang='lat' dir='ltr'>quis</span> <span class='ocrx_word' id='word_1_336' title='bbox 287 3293 315 3346; x_wconf 93' lang='lat' dir='ltr'>in</span> <span class='ocrx_word' id='word_1_337' title='bbox 335 3294 497 3363; x_wconf 89' lang='lat' dir='ltr'>suggrunda</span> <span class='ocrx_word' id='word_1_338' title='bbox 515 3303 677 3363; x_wconf 90' lang='lat' dir='ltr'>protectove</span> <span class='ocrx_word' id='word_1_339' title='bbox 696 3309 781 3362; x_wconf 91' lang='lat' dir='ltr'>supra</span> <span class='ocrx_word' id='word_1_340' title='bbox 799 3310 864 3346; x_wconf 94' lang='lat' dir='ltr'>eum</span> <span class='ocrx_word' id='word_1_341' title='bbox 884 3294 984 3360; x_wconf 90' lang='lat' dir='ltr'>locum,</span> <span class='ocrx_word' id='word_1_342' title='bbox 998 3310 1054 3363; x_wconf 91' lang='lat' dir='ltr'>quo</span> <span class='ocrx_word' id='word_1_343' title='bbox 1067 3294 1151 3363; x_wconf 91' lang='lat' dir='ltr'>vulgo</span> <span class='ocrx_word' id='word_1_344' title='bbox 1164 3293 1217 3347; x_wconf 88' lang='lat' dir='ltr'>iter</span> <span class='ocrx_word' id='word_1_345' title='bbox 1231 3293 1277 3347; x_wconf 84' lang='lat' dir='ltr'>fiet</span> <span class='ocrx_word' id='word_1_346' title='bbox 1291 3292 1355 3346; x_wconf 89' lang='lat' dir='ltr'>inve</span> 
     </span>
     <span class='ocr_line' id='line_1_32' title="bbox 206 3375 1355 3447; baseline -0.002 -17"><span class='ocrx_word' id='word_1_347' title='bbox 206 3394 262 3447; x_wconf 94' lang='lat' dir='ltr'>quo</span> <span class='ocrx_word' id='word_1_348' title='bbox 281 3377 458 3444; x_wconf 89' lang='lat' dir='ltr'>consistetur,</span> <span class='ocrx_word' id='word_1_349' title='bbox 477 3377 506 3431; x_wconf 91' lang='lat' dir='ltr'>id</span> <span class='ocrx_word' id='word_1_350' title='bbox 525 3376 648 3447; x_wconf 91' lang='lat' dir='ltr'>positum</span> <span class='ocrx_word' id='word_1_351' title='bbox 668 3376 780 3443; x_wconf 91' lang='lat' dir='ltr'>habeat,</span> <span class='ocrx_word' id='word_1_352' title='bbox 796 3375 874 3429; x_wconf 92' lang='lat' dir='ltr'>cuius</span> <span class='ocrx_word' id='word_1_353' title='bbox 894 3392 977 3430; x_wconf 89' lang='lat' dir='ltr'>casus</span> <span class='ocrx_word' id='word_1_354' title='bbox 996 3393 1097 3430; x_wconf 90' lang='lat' dir='ltr'>nocere</span> <span class='ocrx_word' id='word_1_355' title='bbox 1116 3376 1160 3430; x_wconf 91' lang='lat' dir='ltr'>cui</span> <span class='ocrx_word' id='word_1_356' title='bbox 1180 3376 1289 3446; x_wconf 72' lang='lat' dir='ltr'>possit,</span> <span class='ocrx_word' id='word_1_357' title='bbox 1308 3375 1355 3446; x_wconf 94' lang='lat' dir='ltr'>qui</span> 
     </span>
     <span class='ocr_line' id='line_1_33' title="bbox 206 3457 1357 3529; baseline -0.003 -15"><span class='ocrx_word' id='word_1_358' title='bbox 206 3461 341 3514; x_wconf 88' lang='lat' dir='ltr'>adversus</span> <span class='ocrx_word' id='word_1_359' title='bbox 355 3477 389 3514; x_wconf 91' lang='lat' dir='ltr'>ea</span> <span class='ocrx_word' id='word_1_360' title='bbox 401 3459 507 3529; x_wconf 82' lang='lat' dir='ltr'>iecerit,</span> <span class='ocrx_word' id='word_1_361' title='bbox 521 3459 549 3513; x_wconf 91' lang='lat' dir='ltr'>in</span> <span class='ocrx_word' id='word_1_362' title='bbox 563 3477 628 3513; x_wconf 91' lang='lat' dir='ltr'>eum</span> <span class='ocrx_word' id='word_1_363' title='bbox 648 3458 801 3513; x_wconf 91' lang='lat' dir='ltr'>solidorum</span> <span class='ocrx_word' id='word_1_364' title='bbox 819 3457 919 3512; x_wconf 88' lang='lat' dir='ltr'>decem</span> <span class='ocrx_word' id='word_1_365' title='bbox 938 3458 966 3512; x_wconf 89' lang='lat' dir='ltr'>in</span> <span class='ocrx_word' id='word_1_366' title='bbox 986 3459 1091 3513; x_wconf 85' lang='lat' dir='ltr'>lactum</span> <span class='ocrx_word' id='word_1_367' title='bbox 1110 3459 1244 3513; x_wconf 87' lang='lat' dir='ltr'>iudicium</span> <span class='ocrx_word' id='word_1_368' title='bbox 1264 3459 1357 3513; x_wconf 76' lang='lat' dir='ltr'>dabo.¹</span> 
     </span>
     <span class='ocr_line' id='line_1_34' title="bbox 206 3541 1358 3613; baseline -0.001 -17"><span class='ocrx_word' id='word_1_369' title='bbox 206 3544 268 3598; x_wconf 88' lang='lat' dir='ltr'>The</span> <span class='ocrx_word' id='word_1_370' title='bbox 281 3544 375 3598; x_wconf 90' lang='lat' dir='ltr'>action</span> <span class='ocrx_word' id='word_1_371' title='bbox 390 3561 445 3598; x_wconf 91' lang='lat' dir='ltr'>was</span> <span class='ocrx_word' id='word_1_372' title='bbox 459 3542 611 3613; x_wconf 87' lang='lat' dir='ltr'>popularis,</span> <span class='ocrx_word' id='word_1_373' title='bbox 625 3541 690 3610; x_wconf 89' lang='lat' dir='ltr'>Dig.</span> <span class='ocrx_word' id='word_1_374' title='bbox 705 3541 742 3595; x_wconf 91' lang='lat' dir='ltr'>ib.</span> <span class='ocrx_word' id='word_1_375' title='bbox 756 3556 795 3610; x_wconf 83' lang='lat'>13,</span> <span class='ocrx_word' id='word_1_376' title='bbox 805 3541 863 3595; x_wconf 88' lang='lat' dir='ltr'>and</span> <span class='ocrx_word' id='word_1_377' title='bbox 876 3541 911 3596; x_wconf 91' lang='lat' dir='ltr'>its</span> <span class='ocrx_word' id='word_1_378' title='bbox 925 3542 1026 3611; x_wconf 89' lang='lat' dir='ltr'>object,</span> <span class='ocrx_word' id='word_1_379' title='bbox 1036 3541 1149 3596; x_wconf 89' lang='lat' dir='ltr'>besides</span> <span class='ocrx_word' id='word_1_380' title='bbox 1162 3543 1211 3597; x_wconf 92' lang='lat' dir='ltr'>the</span> <span class='ocrx_word' id='word_1_381' title='bbox 1224 3559 1358 3609; x_wconf 88' lang='lat' dir='ltr'>recovery</span> 
     </span>
     <span class='ocr_line' id='line_1_35' title="bbox 206 3623 1358 3697; baseline -0.003 -17"><span class='ocrx_word' id='word_1_382' title='bbox 206 3627 239 3680; x_wconf 83' lang='lat' dir='ltr'>of</span> <span class='ocrx_word' id='word_1_383' title='bbox 253 3628 302 3682; x_wconf 90' lang='lat' dir='ltr'>the</span> <span class='ocrx_word' id='word_1_384' title='bbox 321 3628 443 3697; x_wconf 90' lang='lat' dir='ltr'>penalty,</span> <span class='ocrx_word' id='word_1_385' title='bbox 462 3644 519 3680; x_wconf 89' lang='lat' dir='ltr'>was</span> <span class='ocrx_word' id='word_1_386' title='bbox 539 3627 587 3680; x_wconf 89' lang='lat' dir='ltr'>the</span> <span class='ocrx_word' id='word_1_387' title='bbox 608 3625 733 3679; x_wconf 89' lang='lat' dir='ltr'>removal</span> <span class='ocrx_word' id='word_1_388' title='bbox 753 3625 786 3678; x_wconf 83' lang='lat' dir='ltr'>of</span> <span class='ocrx_word' id='word_1_389' title='bbox 803 3625 851 3678; x_wconf 92' lang='lat' dir='ltr'>the</span> <span class='ocrx_word' id='word_1_390' title='bbox 873 3623 988 3694; x_wconf 89' lang='lat' dir='ltr'>danger,</span> <span class='ocrx_word' id='word_1_391' title='bbox 1008 3624 1025 3679; x_wconf 94' lang='lat' dir='ltr'>i.</span> <span class='ocrx_word' id='word_1_392' title='bbox 1034 3641 1058 3678; x_wconf 87' lang='lat' dir='ltr'>e.</span> <span class='ocrx_word' id='word_1_393' title='bbox 1081 3624 1102 3679; x_wconf 92' lang='lat' dir='ltr'>it</span> <span class='ocrx_word' id='word_1_394' title='bbox 1121 3625 1168 3695; x_wconf 90' lang='lat' dir='ltr'>lay</span> <span class='ocrx_word' id='word_1_395' title='bbox 1186 3624 1282 3680; x_wconf 89' lang='lat' dir='ltr'>beiore</span> <span class='ocrx_word' id='word_1_396' title='bbox 1301 3642 1358 3694; x_wconf 90' lang='lat' dir='ltr'>any</span> 
     </span>
     <span class='ocr_line' id='line_1_36' title="bbox 208 3710 631 3780; baseline -0.002 -17"><span class='ocrx_word' id='word_1_397' title='bbox 208 3710 329 3780; x_wconf 86' lang='lat' dir='ltr'>damage</span> <span class='ocrx_word' id='word_1_398' title='bbox 343 3727 400 3764; x_wconf 89' lang='lat' dir='ltr'>was</span> <span class='ocrx_word' id='word_1_399' title='bbox 413 3711 535 3778; x_wconf 90' lang='lat' dir='ltr'>actually</span> <span class='ocrx_word' id='word_1_400' title='bbox 549 3710 631 3763; x_wconf 87' lang='lat' dir='ltr'>done.</span> 
     </span>
    </p>

    <p class='ocr_par' dir='ltr' id='par_1_6' title="bbox 210 3789 1363 4528">
     <span class='ocr_line' id='line_1_37' title="bbox 244 3789 1359 3862; baseline -0.003 -15"><span class='ocrx_word' id='word_1_401' title='bbox 244 3790 299 3862; x_wconf 65' lang='lat' dir='ltr'>§a</span> <span class='ocrx_word' id='word_1_402' title='bbox 323 3796 355 3847; x_wconf 92' lang='lat' dir='ltr'>In</span> <span class='ocrx_word' id='word_1_403' title='bbox 378 3793 434 3847; x_wconf 88' lang='lat' dir='ltr'>this</span> <span class='ocrx_word' id='word_1_404' title='bbox 456 3809 522 3847; x_wconf 89' lang='lat' dir='ltr'>case</span> <span class='ocrx_word' id='word_1_405' title='bbox 544 3808 581 3844; x_wconf 91' lang='lat' dir='ltr'>no</span> <span class='ocrx_word' id='word_1_406' title='bbox 601 3789 694 3846; x_wconf 90' lang='lat' dir='ltr'>action</span> <span class='ocrx_word' id='word_1_407' title='bbox 717 3791 859 3845; x_wconf 87' lang='lat' dir='ltr'>whatever</span> <span class='ocrx_word' id='word_1_408' title='bbox 880 3790 963 3844; x_wconf 92' lang='lat' dir='ltr'>could</span> <span class='ocrx_word' id='word_1_409' title='bbox 982 3790 1018 3843; x_wconf 91' lang='lat' dir='ltr'>be</span> <span class='ocrx_word' id='word_1_410' title='bbox 1037 3791 1158 3859; x_wconf 91' lang='lat' dir='ltr'>brought</span> <span class='ocrx_word' id='word_1_411' title='bbox 1178 3789 1290 3860; x_wconf 89' lang='lat' dir='ltr'>against</span> <span class='ocrx_word' id='word_1_412' title='bbox 1310 3790 1359 3844; x_wconf 89' lang='lat' dir='ltr'>the</span> 
     </span>
     <span class='ocr_line' id='line_1_38' title="bbox 210 3873 1359 3946; baseline -0.003 -15"><span class='ocrx_word' id='word_1_413' title='bbox 210 3889 291 3946; x_wconf 88' lang='lat' dir='ltr'>pater</span> <span class='ocrx_word' id='word_1_414' title='bbox 303 3877 331 3930; x_wconf 87' lang='lat' dir='ltr'>in</span> <span class='ocrx_word' id='word_1_415' title='bbox 344 3878 393 3930; x_wconf 92' lang='lat' dir='ltr'>the</span> <span class='ocrx_word' id='word_1_416' title='bbox 407 3876 465 3930; x_wconf 86' lang='lat' dir='ltr'>first</span> <span class='ocrx_word' id='word_1_417' title='bbox 477 3875 612 3942; x_wconf 84' lang='lat' dir='ltr'>instance,</span> <span class='ocrx_word' id='word_1_418' title='bbox 626 3874 729 3944; x_wconf 90' lang='lat' dir='ltr'>‘neque</span> <span class='ocrx_word' id='word_1_419' title='bbox 739 3873 776 3928; x_wconf 87' lang='lat' dir='ltr'>de</span> <span class='ocrx_word' id='word_1_420' title='bbox 786 3873 896 3944; x_wconf 90' lang='lat' dir='ltr'>peculio</span> <span class='ocrx_word' id='word_1_421' title='bbox 906 3890 998 3943; x_wconf 89' lang='lat' dir='ltr'>neque</span> <span class='ocrx_word' id='word_1_422' title='bbox 1011 3875 1153 3927; x_wconf 84' lang='lat' dir='ltr'>noxalem’</span> <span class='ocrx_word' id='word_1_423' title='bbox 1168 3874 1233 3944; x_wconf 92' lang='lat' dir='ltr'>Dig.</span> <span class='ocrx_word' id='word_1_424' title='bbox 1245 3889 1289 3939; x_wconf 84' lang='lat'>44.</span> <span class='ocrx_word' id='word_1_425' title='bbox 1298 3888 1321 3940; x_wconf 86' lang='lat'>7.</span> <span class='ocrx_word' id='word_1_426' title='bbox 1335 3886 1359 3942; x_wconf 85' lang='lat'>5.</span> 
     </span>
     <span class='ocr_line' id='line_1_39' title="bbox 212 3956 1358 4030; baseline -0.003 -16"><span class='ocrx_word' id='word_1_427' title='bbox 212 3974 234 4030; x_wconf 82' lang='lat'>5,</span> <span class='ocrx_word' id='word_1_428' title='bbox 249 3959 300 4014; x_wconf 87' lang='lat' dir='ltr'>‘de</span> <span class='ocrx_word' id='word_1_429' title='bbox 320 3958 431 4029; x_wconf 91' lang='lat' dir='ltr'>peculio</span> <span class='ocrx_word' id='word_1_430' title='bbox 449 3975 506 4012; x_wconf 91' lang='lat' dir='ltr'>non</span> <span class='ocrx_word' id='word_1_431' title='bbox 525 3957 615 4025; x_wconf 90' lang='lat' dir='ltr'>datur,</span> <span class='ocrx_word' id='word_1_432' title='bbox 635 3956 702 4027; x_wconf 89' lang='lat' dir='ltr'>quia</span> <span class='ocrx_word' id='word_1_433' title='bbox 719 3973 776 4010; x_wconf 91' lang='lat' dir='ltr'>non</span> <span class='ocrx_word' id='word_1_434' title='bbox 796 3974 830 4011; x_wconf 87' lang='lat' dir='ltr'>ex</span> <span class='ocrx_word' id='word_1_435' title='bbox 849 3967 994 4010; x_wconf 90' lang='lat' dir='ltr'>contractu</span> <span class='ocrx_word' id='word_1_436' title='bbox 1013 3956 1105 4012; x_wconf 89' lang='lat' dir='ltr'>venit&#39;</span> <span class='ocrx_word' id='word_1_437' title='bbox 1125 3956 1191 4025; x_wconf 91' lang='lat' dir='ltr'>Dig.</span> <span class='ocrx_word' id='word_1_438' title='bbox 1210 3973 1234 4025; x_wconf 90' lang='lat'>9.</span> <span class='ocrx_word' id='word_1_439' title='bbox 1255 3972 1280 4025; x_wconf 93' lang='lat'>3.</span> <span class='ocrx_word' id='word_1_440' title='bbox 1297 3972 1318 4010; x_wconf 91' lang='lat'>1.</span> <span class='ocrx_word' id='word_1_441' title='bbox 1334 3970 1358 4022; x_wconf 86' lang='lat'>7.</span> 
     </span>
     <span class='ocr_line' id='line_1_40' title="bbox 211 4040 1361 4113; baseline -0.004 -16"><span class='ocrx_word' id='word_1_442' title='bbox 211 4047 266 4097; x_wconf 90' lang='lat' dir='ltr'>But</span> <span class='ocrx_word' id='word_1_443' title='bbox 280 4043 304 4098; x_wconf 86' lang='lat' dir='ltr'>il</span> <span class='ocrx_word' id='word_1_444' title='bbox 316 4043 464 4113; x_wconf 90' lang='lat' dir='ltr'>judgment</span> <span class='ocrx_word' id='word_1_445' title='bbox 478 4058 550 4095; x_wconf 91' lang='lat' dir='ltr'>were</span> <span class='ocrx_word' id='word_1_446' title='bbox 563 4040 714 4094; x_wconf 85' lang='lat' dir='ltr'>recovered</span> <span class='ocrx_word' id='word_1_447' title='bbox 733 4040 845 4109; x_wconf 87' lang='lat' dir='ltr'>against</span> <span class='ocrx_word' id='word_1_448' title='bbox 863 4041 912 4094; x_wconf 89' lang='lat' dir='ltr'>the</span> <span class='ocrx_word' id='word_1_449' title='bbox 932 4040 1126 4094; x_wconf 81' lang='lat' dir='ltr'>filiusfamilias</span> <span class='ocrx_word' id='word_1_450' title='bbox 1144 4042 1192 4095; x_wconf 88' lang='lat' dir='ltr'>the</span> <span class='ocrx_word' id='word_1_451' title='bbox 1210 4049 1290 4108; x_wconf 91' lang='lat' dir='ltr'>pater</span> <span class='ocrx_word' id='word_1_452' title='bbox 1302 4056 1361 4093; x_wconf 89' lang='lat' dir='ltr'>was</span> 
     </span>
     <span class='ocr_line' id='line_1_41' title="bbox 210 4122 1361 4193; baseline -0.005 -12"><span class='ocrx_word' id='word_1_453' title='bbox 210 4126 293 4182; x_wconf 92' lang='lat' dir='ltr'>liable</span> <span class='ocrx_word' id='word_1_454' title='bbox 313 4136 342 4180; x_wconf 95' lang='lat' dir='ltr'>to</span> <span class='ocrx_word' id='word_1_455' title='bbox 361 4127 409 4180; x_wconf 90' lang='lat' dir='ltr'>the</span> <span class='ocrx_word' id='word_1_456' title='bbox 428 4125 503 4179; x_wconf 92' lang='lat' dir='ltr'>actio</span> <span class='ocrx_word' id='word_1_457' title='bbox 522 4123 645 4192; x_wconf 82' lang='lat' dir='ltr'>iudicati,</span> <span class='ocrx_word' id='word_1_458' title='bbox 659 4124 715 4178; x_wconf 90' lang='lat' dir='ltr'>and</span> <span class='ocrx_word' id='word_1_459' title='bbox 729 4132 804 4177; x_wconf 93' lang='lat' dir='ltr'>must</span> <span class='ocrx_word' id='word_1_460' title='bbox 816 4140 872 4193; x_wconf 91' lang='lat' dir='ltr'>pay</span> <span class='ocrx_word' id='word_1_461' title='bbox 885 4133 915 4177; x_wconf 93' lang='lat' dir='ltr'>to</span> <span class='ocrx_word' id='word_1_462' title='bbox 927 4124 976 4177; x_wconf 87' lang='lat' dir='ltr'>the</span> <span class='ocrx_word' id='word_1_463' title='bbox 988 4132 1084 4177; x_wconf 89' lang='lat' dir='ltr'>extent</span> <span class='ocrx_word' id='word_1_464' title='bbox 1096 4122 1129 4176; x_wconf 86' lang='lat' dir='ltr'>os</span> <span class='ocrx_word' id='word_1_465' title='bbox 1137 4124 1185 4177; x_wconf 90' lang='lat' dir='ltr'>the</span> <span class='ocrx_word' id='word_1_466' title='bbox 1198 4122 1339 4193; x_wconf 91' lang='lat' dir='ltr'>peculium</span> <span class='ocrx_word' id='word_1_467' title='bbox 1354 4142 1361 4187; x_wconf 92' lang='lat'>;</span> 
     </span>
     <span class='ocr_line' id='line_1_42' title="bbox 211 4205 1361 4276; baseline -0.005 -10"><span class='ocrx_word' id='word_1_468' title='bbox 211 4221 240 4266; x_wconf 92' lang='lat' dir='ltr'>at</span> <span class='ocrx_word' id='word_1_469' title='bbox 254 4211 324 4264; x_wconf 89' lang='lat' dir='ltr'>least</span> <span class='ocrx_word' id='word_1_470' title='bbox 333 4209 389 4264; x_wconf 90' lang='lat' dir='ltr'>this</span> <span class='ocrx_word' id='word_1_471' title='bbox 400 4225 455 4262; x_wconf 89' lang='lat' dir='ltr'>was</span> <span class='ocrx_word' id='word_1_472' title='bbox 467 4208 514 4261; x_wconf 90' lang='lat' dir='ltr'>the</span> <span class='ocrx_word' id='word_1_473' title='bbox 527 4208 586 4260; x_wconf 90' lang='lat' dir='ltr'>rule</span> <span class='ocrx_word' id='word_1_474' title='bbox 600 4207 628 4260; x_wconf 90' lang='lat' dir='ltr'>in</span> <span class='ocrx_word' id='word_1_475' title='bbox 641 4206 741 4261; x_wconf 90' lang='lat' dir='ltr'>delicts</span> <span class='ocrx_word' id='word_1_476' title='bbox 751 4223 871 4276; x_wconf 88' lang='lat' dir='ltr'>proper:</span> <span class='ocrx_word' id='word_1_477' title='bbox 890 4205 1039 4276; x_wconf 90' lang='lat' dir='ltr'>‘quotiens</span> <span class='ocrx_word' id='word_1_478' title='bbox 1052 4222 1137 4260; x_wconf 89' lang='lat' dir='ltr'>nemo</span> <span class='ocrx_word' id='word_1_479' title='bbox 1151 4205 1361 4260; x_wconf 83' lang='lat' dir='ltr'>filiumfamilias</span> 
     </span>
     <span class='ocr_line' id='line_1_43' title="bbox 212 4289 1362 4358; baseline -0.004 -10"><span class='ocrx_word' id='word_1_480' title='bbox 212 4311 246 4348; x_wconf 89' lang='lat' dir='ltr'>ex</span> <span class='ocrx_word' id='word_1_481' title='bbox 268 4309 355 4347; x_wconf 91' lang='lat' dir='ltr'>causa</span> <span class='ocrx_word' id='word_1_482' title='bbox 374 4290 469 4346; x_wconf 89' lang='lat' dir='ltr'>delicti</span> <span class='ocrx_word' id='word_1_483' title='bbox 491 4290 627 4358; x_wconf 83' lang='lat' dir='ltr'>defendit,</span> <span class='ocrx_word' id='word_1_484' title='bbox 648 4289 676 4345; x_wconf 91' lang='lat' dir='ltr'>in</span> <span class='ocrx_word' id='word_1_485' title='bbox 696 4307 761 4344; x_wconf 94' lang='lat' dir='ltr'>eum</span> <span class='ocrx_word' id='word_1_486' title='bbox 782 4289 916 4344; x_wconf 90' lang='lat' dir='ltr'>iudicium</span> <span class='ocrx_word' id='word_1_487' title='bbox 939 4290 1040 4356; x_wconf 87' lang='lat' dir='ltr'>datur;</span> <span class='ocrx_word' id='word_1_488' title='bbox 1061 4300 1089 4344; x_wconf 91' lang='lat' dir='ltr'>et</span> <span class='ocrx_word' id='word_1_489' title='bbox 1110 4289 1133 4343; x_wconf 92' lang='lat' dir='ltr'>si</span> <span class='ocrx_word' id='word_1_490' title='bbox 1155 4290 1362 4344; x_wconf 87' lang='lat' dir='ltr'>condemnatus</span> 
     </span>
     <span class='ocr_line' id='line_1_44' title="bbox 211 4371 1362 4444; baseline -0.004 -14"><span class='ocrx_word' id='word_1_491' title='bbox 211 4376 302 4444; x_wconf 85' lang='lat' dir='ltr'>suerit,</span> <span class='ocrx_word' id='word_1_492' title='bbox 325 4374 398 4429; x_wconf 88' lang='lat' dir='ltr'>filius</span> <span class='ocrx_word' id='word_1_493' title='bbox 423 4374 578 4428; x_wconf 90' lang='lat' dir='ltr'>iudicatum</span> <span class='ocrx_word' id='word_1_494' title='bbox 603 4373 696 4428; x_wconf 82' lang='lat' dir='ltr'>lacere</span> <span class='ocrx_word' id='word_1_495' title='bbox 720 4373 814 4441; x_wconf 90' lang='lat' dir='ltr'>debet,</span> <span class='ocrx_word' id='word_1_496' title='bbox 837 4383 913 4427; x_wconf 91' lang='lat' dir='ltr'>tenet</span> <span class='ocrx_word' id='word_1_497' title='bbox 938 4372 1014 4428; x_wconf 91' lang='lat' dir='ltr'>enim</span> <span class='ocrx_word' id='word_1_498' title='bbox 1039 4372 1247 4428; x_wconf 84' lang='lat' dir='ltr'>condemnatio</span> <span class='ocrx_word' id='word_1_499' title='bbox 1286 4371 1362 4442; x_wconf 85' lang='lat' dir='ltr'>Quin</span> 
     </span>
     <span class='ocr_line' id='line_1_45' title="bbox 213 4455 1363 4528; baseline -0.002 -16"><span class='ocrx_word' id='word_1_500' title='bbox 213 4458 300 4513; x_wconf 94' lang='lat' dir='ltr'>immo</span> <span class='ocrx_word' id='word_1_501' title='bbox 319 4458 405 4514; x_wconf 90' lang='lat' dir='ltr'>etiam</span> <span class='ocrx_word' id='word_1_502' title='bbox 425 4457 493 4513; x_wconf 90' lang='lat' dir='ltr'>illud</span> <span class='ocrx_word' id='word_1_503' title='bbox 512 4456 664 4513; x_wconf 88' lang='lat' dir='ltr'>dicendum</span> <span class='ocrx_word' id='word_1_504' title='bbox 683 4468 734 4526; x_wconf 87' lang='lat' dir='ltr'>est,</span> <span class='ocrx_word' id='word_1_505' title='bbox 754 4466 863 4527; x_wconf 88' lang='lat' dir='ltr'>patrem</span> <span class='ocrx_word' id='word_1_506' title='bbox 882 4473 993 4528; x_wconf 90' lang='lat' dir='ltr'>quoque</span> <span class='ocrx_word' id='word_1_507' title='bbox 1012 4465 1076 4527; x_wconf 89' lang='lat' dir='ltr'>post</span> <span class='ocrx_word' id='word_1_508' title='bbox 1094 4455 1363 4513; x_wconf 86' lang='lat' dir='ltr'>condemnationem</span> 
     </span>
    </p>
   </div>
   <div class='ocr_carea' id='block_1_4' title="bbox 0 0 1524 5048">
    <p class='ocr_par' dir='ltr' id='par_1_7' title="bbox 0 0 1524 5048">
     <span class='ocr_line' id='line_1_46' title="bbox 0 0 1524 5048; baseline 0 0"><span class='ocrx_word' id='word_1_509' title='bbox 0 0 1524 5048; x_wconf 95' lang='lat' dir='ltr'> </span> 
     </span>
    </p>
   </div>
  </div>
 </body>
</html>
