2986 5048
245 347 311 416 514
448 343 800 401 INSTITUTIONUM
818 343 937 398 LIBRI
955 344 1192 417 QUATTUOR.
1278 346 1342 414 [Lib.
1353 354 1398 402 lv·

246 509 359 591 possit,
383 509 500 592 culpae
527 531 600 573 reus
629 517 697 573 est:
728 510 756 574 si
787 509 1020 592 praeclamavit
1045 531 1152 592 neque
1183 508 1238 574 ille
1268 511 1396 575 curavit

246 632 370 688 cavere,
389 623 484 677 extra
507 614 638 695 culpam
661 624 711 678 est
735 623 878 697 putator.
923 633 1029 696 aeque
1051 624 1147 677 extra
1169 615 1300 696 culpam
1322 635 1396 678 esse

246 715 454 798 intellegitur,
469 717 496 780 si
512 737 658 780 seorsum
670 738 690 780 a
702 718 754 780 via
769 717 854 781 sorte
868 717 920 780 vel
936 717 969 780 in
986 717 1095 780 medio
1111 717 1213 780 fundo
1225 717 1396 795 caedebat,

244 817 321 882 licet
342 841 408 883 non
427 820 668 903 praeclamavit,
688 820 765 901 quia
784 841 824 884 eo
845 820 917 884 loco
938 818 1019 883 nulli
1038 830 1198 884 extraneo
1217 821 1268 883 ius
1288 820 1396 884 iuerat

214 925 405 990 tiversandi.
466 925 639 989 Praeterea
669 926 696 987 si
726 924 882 1002 medicus,
911 926 968 1006 qui
997 945 1127 987 servum
1157 934 1251 988 tuum
1281 926 1395 1003 secuit,

245 1027 453 1111 dereliquerit
483 1029 684 1094 curationem
714 1037 815 1110 atque
840 1028 885 1091 ob
912 1029 945 1115 id
972 1036 1121 1091 mortuus
1151 1029 1246 1092 suerit
1272 1050 1395 1106 servus,

215 1144 231 1197 7
244 1130 362 1214 culpae
378 1154 452 1198 reus
467 1144 526 1198 est.
571 1133 741 1215 Imperitia
757 1152 888 1214 quoque
904 1131 1020 1213 culpae
1036 1133 1279 1210 adnumeratur,
1291 1133 1394 1196 veluti

244 1237 270 1299 si
283 1237 431 1301 medicus
443 1238 519 1301 ideo
530 1257 661 1301 servum
676 1247 770 1300 tuum
782 1236 947 1313 occiderit,
960 1236 1049 1317 quod
1060 1257 1135 1299 eum
1152 1235 1238 1299 male
1253 1238 1394 1300 secuerit

213 1347 302 1410 aaut
317 1361 490 1423 perperam
506 1342 536 1405 ei
554 1342 832 1405 medicamentum
848 1339 986 1403 dederit.
1024 1340 1157 1421 Impetu
1172 1360 1305 1421 quoque
1322 1361 1394 1409 mus

243 1444 357 1520 larum,
381 1465 464 1526 quas
482 1444 584 1509 mulio
607 1451 741 1527 propter
761 1443 960 1525 imperitiam
984 1444 1125 1507 retinere
1148 1464 1213 1507 non
1236 1445 1392 1526 potuerit,
1464 1437 1467 1442 ’

242 1549 269 1611 si
285 1568 397 1612 servus
412 1560 489 1613 tuus
508 1568 685 1630 oppressus
705 1546 811 1621 suerit,
829 1546 946 1628 culpae
962 1567 1036 1609 reus
1057 1554 1107 1611 est
1128 1548 1238 1612 mulio.
1283 1550 1341 1612 sed
1358 1558 1393 1613 et

242 1653 269 1716 si
293 1662 429 1735 propter
450 1652 673 1715 infirmitatem
700 1650 838 1714 retinere
862 1670 918 1713 eas
944 1670 1010 1714 non
1035 1653 1187 1733 potuerit,
1210 1672 1284 1715 cum
1307 1652 1393 1715 alius

151 1838 157 1847 ι
242 1757 366 1820 tirmior
387 1757 526 1820 retinere
545 1756 713 1838 potuisset,
735 1775 841 1836 aeque
862 1755 978 1837 culpae
997 1764 1137 1820 tenetur.
1182 1757 1300 1820 eadem
1320 1755 1392 1839 pla-

242 1871 379 1925 cuerunt
393 1861 436 1924 de
457 1880 497 1923 eo
511 1879 651 1942 quoque,
666 1859 734 1941 qui,
750 1878 825 1922 cum
847 1880 932 1941 equo
947 1858 1128 1938 veheretur,
1144 1861 1305 1942 impetum
1321 1861 1392 1924 eius

242 1972 298 2028 aut
314 1974 449 2046 propter
464 1962 689 2026 infirmitatem
704 1970 762 2025 aut
778 1972 913 2044 propter
928 1963 1126 2045 imperitiam
1142 1984 1235 2028 suam
1252 1965 1392 2028 retinere

212 2083 308 2137 9n0n
330 2067 483 2149 potuerit.
530 2065 594 2129 His
617 2074 729 2128 autem
747 2065 855 2128 verbis
876 2063 957 2148 legis
974 2067 1106 2148 ‘quanti
1127 2067 1160 2129 id
1186 2068 1219 2129 in
1241 2088 1281 2131 eo
1304 2089 1392 2132 anno

242 2169 373 2254 plurimi
396 2166 506 2234 luerit’
527 2169 582 2232 illa
603 2168 766 2233 sententia
788 2170 993 2250 exprimitur,
1016 2178 1053 2233 ut
1076 2169 1104 2232 si
1126 2171 1200 2251 quis
1220 2169 1391 2236 hominem

241 2283 346 2350 tuum,
362 2275 419 2356 qui
433 2274 533 2338 hodie
547 2272 684 2338 claudus
698 2280 756 2336 aut
774 2271 884 2336 luscus
904 2281 963 2336 aut
983 2293 1119 2336 mancus
1140 2274 1209 2353 erit,
1225 2277 1390 2356 occiderit,

241 2379 297 2461 qui
316 2379 349 2441 in
366 2400 406 2442 eo
421 2400 507 2442 anno
523 2381 650 2461 integer
664 2385 722 2441 aut
743 2376 907 2458 pretiosus
922 2377 1031 2452 suerit,
1047 2397 1113 2440 non
1128 2379 1212 2442 tanti
1229 2389 1389 2453 teneatur,

239 2483 354 2564 quanti
370 2482 397 2545 is
411 2482 511 2546 hodie
527 2483 597 2556 erit,
613 2482 672 2545 sed
693 2482 807 2565 quanti
818 2483 858 2551 ,in
873 2502 913 2544 eo
928 2501 1015 2545 anno
1037 2480 1168 2563 plurimi
1183 2483 1291 2548 suerit.
1322 2506 1390 2568 qua

240 2587 366 2649 ratione
382 2586 541 2650 creditum
558 2593 608 2649 est
624 2585 798 2667 poenalem
814 2605 886 2648 esse
905 2583 1001 2647 huius
1022 2583 1104 2667 legis
1120 2586 1294 2663 actionem,
1310 2591 1391 2671 quia

241 2710 306 2752 non
329 2690 438 2752 solum
461 2691 545 2753 tanti
571 2689 710 2770 quisque
735 2687 909 2771 obligatur,
933 2697 1093 2770 quantum
1117 2690 1229 2754 damni
1252 2692 1389 2771 dederit,

240 2793 297 2855 sed
314 2791 492 2875 aliquando
513 2790 611 2874 longe
629 2791 749 2874 pluris:
773 2792 913 2874 ideoque
931 2802 1061 2856 constat
1082 2794 1115 2855 in
1137 2793 1293 2858 heredem
1313 2817 1388 2860 eam

239 2894 403 2958 actionem
420 2915 485 2958 non
497 2896 643 2970 transire,
656 2915 742 2977 quae
758 2895 934 2959 transitura
949 2896 1072 2971 suisset,
1085 2897 1112 2959 si
1129 2897 1214 2960 ultra
1229 2899 1389 2964 damnum

275 3126 289 3191 ς
303 3127 332 3178 6.
351 3127 392 3177 As
405 3142 423 3179 a
434 3126 549 3194 general
562 3126 620 3180 rule
634 3125 682 3180 the
695 3126 810 3194 penalty
822 3125 855 3179 os
864 3127 911 3180 the
925 3127 969 3181 lex
982 3126 1096 3196 Aquilia
1108 3144 1165 3181 was
1179 3127 1309 3184 incurred
1321 3134 1389 3202 only

238 3206 276 3274 by
297 3206 417 3277 positive
441 3218 503 3262 acts
524 3208 557 3262 os
574 3208 775 3262 commission:
796 3208 876 3264 ‘sunt
897 3227 988 3279 casus,
1010 3210 1113 3280 quibus
1138 3222 1231 3267 cessat
1256 3215 1388 3285 Aquiliae

239 3290 313 3344 actio
327 3333 333 3346 .
346 3332 353 3345 .
367 3333 374 3345 .
389 3308 475 3345 .nam
494 3291 541 3361 qui
558 3309 657 3360 agrum
677 3308 733 3345 non
752 3292 915 3362 proscindit,
935 3295 982 3364 qui
1002 3295 1073 3348 vites
1092 3311 1149 3348 non
1169 3296 1298 3366 subserit,
1318 3298 1387 3354 item

239 3390 375 3443 aquarum
388 3374 489 3429 ductus
502 3374 642 3444 corrumpi
655 3375 767 3444 patitur,
780 3376 842 3444 lege
855 3377 969 3446 Aquilia
981 3395 1037 3431 non
1051 3380 1176 3433 tenetur'
1190 3379 1256 3449 Dig.
1271 3395 1293 3447 7.
1310 3397 1331 3436 1.
1348 3398 1389 3451 13.

238 3470 262 3510 2.
301 3458 356 3511 But
375 3459 466 3512 where
485 3475 503 3512 a
521 3475 624 3527 person
643 3458 700 3511 had
718 3474 789 3512 once
808 3462 994 3515 commenced
1009 3478 1027 3515 a
1044 3478 1143 3515 course
1162 3461 1195 3515 os
1209 3463 1311 3532 action,
1326 3483 1387 3520 ces-

238 3538 329 3593 sation
339 3540 373 3593 oi
378 3540 469 3594 which
480 3541 572 3594 would
584 3542 621 3596 be
631 3541 786 3595 disastrous
796 3542 804 3607 (
807 3560 831 3595 e.
836 3560 862 3611 g.
874 3543 921 3597 the
934 3560 1000 3598 case
1013 3543 1041 3597 in
1053 3544 1101 3599 the
1111 3545 1191 3614 text),
1200 3562 1237 3600 an
1247 3547 1386 3604 omission

237 3622 362 3676 entailed
374 3622 500 3693 liability,
515 3625 580 3694 Dig.
594 3640 619 3693 9.
634 3640 658 3678 2.
671 3626 695 3679 8.
709 3642 771 3695 pr.;
790 3625 829 3679 ib.
844 3640 885 3692 27.
899 3642 916 3695 9
930 3646 937 3692 ;
956 3626 993 3680 ib.
1008 3642 1049 3695 31.

274 3707 287 3772 §
302 3709 327 3760 7.
351 3706 496 3776 Imperitia
508 3707 536 3761 in
550 3725 686 3776 surgeons
700 3708 723 3761 is
736 3708 845 3762 treated
858 3727 890 3763 as
903 3711 987 3780 culpa
999 3711 1060 3764 also
1073 3710 1101 3764 in
1117 3711 1182 3781 Dig.
1193 3727 1217 3780 9.
1230 3727 1253 3766 2.
1267 3727 1289 3779 7.
1303 3715 1319 3768 8
1333 3734 1340 3780 ;
1359 3715 1388 3771 in

237 3788 381 3858 artificers,
394 3791 431 3844 ib.
445 3805 486 3857 27.
501 3806 552 3860 29;
573 3792 629 3845 and
642 3809 792 3860 assessors,
807 3792 874 3862 Dig.
887 3808 911 3847 2.
926 3809 951 3849 2.
965 3809 980 3848 2
994 3813 1000 3847 :
1023 3794 1059 3848 cl.
1072 3795 1120 3849 the
1133 3805 1199 3850 next
1213 3797 1333 3852 section.

272 3874 330 3940 §a
350 3873 429 3928 ‘Nec
451 3874 561 3929 videtur
582 3874 717 3946 iniquum,
740 3875 763 3929 si
789 3875 937 3931 infirmitas
960 3878 1060 3946 culpae
1086 3880 1293 3950 adnumeretur,
1319 3899 1386 3938 cum

236 3955 368 4012 affectare
389 3957 452 4027 quis
473 3975 529 4012 non
550 3958 660 4025 debeat,
682 3957 710 4012 in
735 3976 791 4029 quo
813 3960 857 4014 vel
880 3959 1016 4015 intellexit
1035 3961 1080 4015 vel
1102 3961 1265 4034 intellegere
1290 3965 1386 4036 debet,

235 4036 427 4094 infirmitatem
440 4057 521 4094 suam
534 4040 581 4095 alii
594 4040 781 4111 periculosam
793 4042 932 4097 suturam¹
947 4043 1011 4113 Dig.
1026 4058 1052 4114 9.
1066 4060 1091 4099 a.
1104 4045 1130 4100 8.
1146 4060 1167 4100 1.

272 4123 287 4189 ὑ
301 4125 327 4178 9.
347 4124 410 4178 The
422 4123 498 4178 actio
510 4124 580 4194 legis
593 4124 723 4195 Aquiliae
737 4143 793 4180 was
807 4127 891 4196 penal
903 4136 953 4181 not
966 4128 1033 4195 only
1042 4126 1086 4181 sor
1094 4128 1143 4183 the
1154 4145 1256 4184 reason
1269 4131 1386 4190 noticed

235 4205 312 4272 here,
324 4203 374 4259 but
387 4206 447 4260 also
459 4207 582 4262 because
595 4208 643 4262 the
656 4208 831 4279 delinquent,
845 4210 941 4264 unless
953 4211 1003 4266 the
1020 4210 1146 4281 plaintifi'
1153 4211 1238 4268 failed
1255 4223 1285 4268 to
1298 4232 1386 4284 prove

235 4286 280 4340 his
297 4304 372 4354 case,
385 4305 442 4343 was
460 4290 593 4346 assumed
612 4301 642 4345 to
660 4291 696 4345 be
714 4291 898 4360 condemned,
913 4293 985 4346 from
1003 4294 1051 4348 the
1070 4303 1163 4349 outset
1177 4295 1309 4362 (damnas
1322 4310 1386 4353 esto

235 4367 323 4437 dare),
338 4387 370 4423 so
383 4371 443 4426 that
457 4370 481 4425 il
489 4372 525 4426 he
535 4390 607 4429 were
620 4383 681 4430 cast
694 4373 722 4427 in
734 4374 782 4429 the
795 4373 850 4429 suit
863 4375 935 4431 aiter
945 4375 1070 4445 denying
1082 4376 1127 4431 his
1139 4376 1266 4447 liability,
1277 4379 1313 4434 he
1327 4398 1385 4438 was

235 4451 413 4510 condemned
427 4453 456 4510 iu
469 4454 594 4527 duplum,
608 4454 663 4512 Tit.
676 4457 701 4512 6.
719 4471 757 4528 19.
771 4471 814 4528 ²3·
828 4457 869 4513 26.
883 4458 940 4528 inf,
955 4459 1044 4516 Gaius
1056 4458 1093 4515 iii
1109 4460 1179 4528 2163
1198 4459 1233 4515 iv.
1246 4475 1271 4532 9.
1289 4475 1345 4532 171.
