2986 5048
128 354 226 427 raa]
361 356 423 412 oa
443 356 656 416 aovoxunr
673 358 1062 419 possessromsus.·
1213 357 1277 443 3⁶9

127 520 210 597 nati,
226 541 270 585 ex
286 523 406 605 quibus
423 525 551 608 possint
566 547 625 590 sua
643 525 713 590 iura
727 525 904 604 vindicare,
920 528 1010 592 omni
1026 528 1278 612 scrupulositate

127 634 162 689 et
177 625 396 692 inextricabili
412 649 520 694 errore
534 632 674 694 duamm
692 630 830 694 istarum
850 632 1012 697 bonorum
1032 635 1276 716 possessionum

128 729 282 794 resoluta.
326 731 441 796 Aliam
461 754 540 798 vero
562 733 723 797 bonorum
745 735 996 816 possessionem,
1017 757 1103 819 quae
1123 738 1212 801 unde
1229 740 1309 808 virr

127 840 162 896 et
185 855 271 897 uxor
292 836 478 919 appellatur
499 847 533 903 et
555 858 644 902 nono
667 838 741 903 loco
765 840 850 902 inter
871 849 999 904 veteres
1017 841 1178 905 bonorum
1201 863 1278 924 pos·

127 937 289 1002 sessiones
308 940 417 1021 posita
437 941 551 1018 suerat,
569 951 602 1006 et
624 942 657 1004 in
678 962 737 1005 suo
758 943 870 1026 vigore
892 944 1095 1008 servavimus
1112 953 1146 1008 et
1161 945 1279 1011 altiore

126 1038 210 1116 loco,
237 1041 270 1105 id
298 1055 349 1108 est
378 1055 484 1124 sexto,
511 1066 585 1108 eam
615 1045 793 1128 posuimus,
824 1046 953 1110 decima
981 1048 1084 1112 veteri
1115 1048 1277 1113 bonorum

126 1145 335 1225 possessione
364 1168 449 1230 quae
479 1159 550 1213 erat
578 1151 667 1212 unde
702 1150 835 1232 cognati
866 1152 1113 1214 manumissoris
1143 1164 1278 1236 propter

126 1268 243 1311 causas
270 1261 436 1314 enarratas
468 1252 586 1316 merito
615 1251 765 1317 sublata:
796 1262 834 1316 ut
862 1274 923 1316 sex
953 1257 1186 1319 tantummodo
1217 1256 1277 1321 bo·

127 1371 242 1414 nomm
274 1355 496 1436 possessiones
525 1356 708 1419 ordinariae
739 1366 956 1439 permaneant
981 1377 1041 1421 suo
1066 1358 1179 1440 vigore
1205 1360 1277 1442 pol·

125 1453 241 1520 lentes.
289 1456 440 1540 Septima
462 1479 518 1523 eas
541 1470 662 1538 secuta,
684 1480 785 1541 quarn
808 1459 935 1542 optima
958 1461 1085 1524 ratione
1107 1471 1306 1544 praetoress

125 1557 387 1626 introduxerunt.
433 1563 609 1627 novissime
632 1564 720 1627 enim
743 1564 945 1647 promittitur
967 1565 1076 1630 edicto
1098 1565 1149 1629 his
1174 1567 1275 1631 etiam

125 1663 288 1728 bonorum
305 1667 477 1749 possessio,
492 1669 610 1751 quibus
626 1678 663 1732 ut
683 1669 781 1732 detur
801 1669 874 1752 lege
893 1668 946 1732 vel
970 1678 1104 1734 senatus
1126 1671 1276 1736 consulto

124 1766 179 1830 vel
204 1762 438 1835 constitutione
468 1771 743 1855 comprehensum
770 1781 832 1848 est,
854 1793 955 1854 quam
980 1793 1088 1855 neque
1114 1774 1275 1838 bonorum

124 1873 386 1953 possessionibus
409 1896 494 1958 quae
517 1876 560 1939 ab
583 1877 740 1941 intestato
762 1875 898 1939 veniunt
921 1897 1028 1958 neque
1054 1877 1100 1941 eis
1122 1897 1208 1958 quae
1231 1899 1276 1942 ex

125 1985 326 2043 testamento
348 1991 426 2045 sunt
447 1992 580 2065 praetor
600 1980 710 2044 stabili
734 1981 802 2043 iure
824 1982 1080 2055 connumeravit,
1101 1983 1160 2046 sed
1181 1982 1275 2065 quasi

124 2078 279 2145 ultimum
306 2093 339 2147 et
364 2085 660 2149 extraordinarium
687 2085 858 2163 auxilium,
885 2094 984 2166 prout
1006 2106 1057 2148 res
1081 2085 1195 2169 exigit,
1222 2106 1276 2152 ac·

124 2187 348 2251 commodavit
378 2189 501 2255 scilicet
537 2189 598 2265 his,
629 2189 685 2271 qui
716 2210 760 2252 ex
793 2189 921 2272 legibus
957 2197 1090 2253 senatus
1117 2190 1276 2255 consultis

125 2291 414 2356 constitutionibus
440 2294 624 2378 principum
651 2314 694 2356 ex
722 2312 807 2357 novo
833 2293 902 2356 iure
927 2292 980 2356 vel
1007 2313 1051 2356 ex
1074 2302 1275 2359 testamento

123 2391 177 2455 vel
198 2394 242 2457 ab
265 2394 422 2461 intestato
441 2396 586 2461 veniunt.
643 2395 729 2459 Cum
751 2396 850 2479 igitur
870 2396 980 2479 plures
1001 2396 1127 2480 species
1148 2418 1276 2464 succes·

124 2496 255 2560 sionum
272 2509 404 2582 praetor
418 2501 656 2566 introduxisset
672 2521 794 2582 easque
810 2521 869 2582 per
890 2501 1039 2564 ordinem
1060 2501 1305 2584 disposuisset9

123 2608 160 2664 et
187 2600 220 2662 in
252 2624 449 2687 unaquaque
484 2604 595 2687 specie
630 2604 844 2668 successionis
880 2624 980 2685 saepe
1013 2603 1123 2686 plures
1158 2615 1276 2670 extent

123 2705 247 2787 dispari
271 2708 376 2789 gradu
402 2728 581 2793 personae:
605 2729 646 2771 ne
672 2708 821 2771 actiones
846 2707 1045 2771 creditorum
1071 2707 1274 2784 differantur,

123 2809 184 2872 sed
207 2810 367 2876 haberent
390 2834 473 2895 quos
496 2813 715 2890 convenirent,
734 2822 767 2876 et
792 2833 833 2875 ne
857 2810 952 2875 lacile
976 2812 1008 2874 in
1031 2813 1274 2894 possessionem

122 2913 288 2978 bonorum
303 2915 450 2982 defuncti
466 2917 640 2981 mittantur
655 2925 688 2979 et
708 2936 748 2979 eo
770 2916 870 2978 modo
890 2914 953 2977 sibi
969 2916 1184 2994 consulerent,
1200 2917 1275 2980 ideo
1344 2998 1349 3005 .

124 3019 290 3098 petendae
319 3019 481 3084 bonorum
517 3019 717 3103 possessioni
751 3029 878 3084 certum
915 3028 1047 3100 tempus
1078 3018 1274 3101 praefinivit.

123 3121 235 3185 liberis
259 3123 370 3206 itaque
393 3135 426 3189 et
450 3125 640 3207 parentibus
664 3136 733 3189 tarn
757 3123 961 3189 naturalibus
987 3144 1087 3206 quam
1110 3123 1275 3206 adoptivis

123 3225 158 3288 in
174 3229 318 3309 petenda
333 3229 494 3293 bonorum
514 3230 721 3312 possessione
737 3229 815 3292 anni
836 3229 990 3310 spatium,
1007 3228 1123 3292 ceteris
1142 3237 1273 3292 centum

123 3329 251 3393 dierum
267 3332 369 3397 dedit.
416 3333 462 3396 Et
484 3333 511 3396 si
532 3333 617 3395 intra
640 3333 703 3396 hoc
726 3341 858 3415 tempus
880 3332 998 3414 aliquis
1017 3331 1179 3395 bonomm
1197 3351 1273 3412 pos·
1289 3353 1323 3407 10

123 3435 303 3498 sessionem
330 3457 395 3499 non
424 3436 565 3519 petierit,
596 3436 744 3499 eiusdem
770 3437 893 3518 gradus
923 3435 1070 3517 personis
1094 3434 1273 3499 adcrescit:

122 3536 176 3600 vel
203 3540 231 3602 si
258 3559 355 3603 nemo
382 3541 434 3619 sit,
459 3539 614 3622 deinceps
640 3540 756 3604 ceteris
789 3539 926 3622 proinde
953 3539 1115 3601 bonorum
1145 3557 1275 3620 posses·

124 3642 251 3707 sionem
262 3663 307 3707 ex
319 3645 520 3709 successorio
533 3645 641 3709 edicto
654 3644 835 3726 pollicetur,
847 3663 886 3707 ac
901 3644 928 3706 si
945 3643 971 3706 is
987 3643 1043 3725 qui
1055 3641 1274 3725 praecedebat

123 3767 169 3811 ex
185 3768 224 3811 eo
240 3768 375 3812 numero
391 3770 456 3813 non
472 3758 568 3813 esset.
605 3751 634 3812 si
652 3750 725 3831 quis
743 3748 855 3830 itaque
871 3748 1017 3811 delatam
1033 3748 1095 3811 sibi
1110 3747 1273 3811 bonorum

122 3852 366 3937 possessionem
396 3854 624 3936 repudiaverit,
650 3873 716 3916 non
746 3874 918 3935 quousque
947 3861 1080 3934 tempus
1110 3851 1273 3915 bonorum

121 3958 321 4041 possessioni
357 3957 567 4041 praefinitum
602 3946 783 4022 excesserit
816 3964 1039 4040 exspectatur,
1070 3957 1128 4020 sed
1159 3956 1273 4018 statim

121 4061 224 4125 ceteri
254 4082 298 4125 ex
329 4063 446 4126 eodem
477 4063 586 4126 edicto
621 4062 852 4126 admittuntur.
912 4060 952 4124 In
982 4060 1128 4142 petenda
1160 4068 1273 4122 autem
1289 4060 1319 4114 ll

119 4165 285 4229 bonorum
308 4167 516 4248 possessione
540 4167 612 4231 dies
637 4166 733 4230 utiles
760 4165 878 4249 singuli
902 4165 1159 4229 considerantur.
1204 4162 1272 4226 Sed
1289 4166 1322 4220 12

160 4391 175 4465 ξ
194 4395 234 4449 11.
253 4395 316 4450 Tbe
334 4394 497 4451 distinction
516 4396 644 4452 between
662 4406 774 4467 tempus
793 4396 860 4451 utile
879 4396 936 4451 and
955 4393 1120 4450 continuum
1135 4392 1274 4447 hasbeen

120 4477 240 4549 already
248 4477 399 4549 explained
411 4495 448 4535 on
463 4480 515 4536 Bk.
528 4478 557 4536 ii.
570 4495 608 4551 ¹9·
625 4494 638 4549 5
652 4496 728 4549 supr.
750 4481 812 4537 The
825 4479 891 4536 idea
900 4479 933 4535 of
941 4480 989 4536 the
1002 4474 1275 4548 formeroriginated

671 4568 730 4634 ab
