2986 5048
192 335 257 402 430
395 320 744 378 INSTITUTIONUM
761 320 880 377 LIBRI
899 320 1135 395 QUATTUOR.
1221 325 1288 395 [ub.
1299 332 1348 383 111.

166 498 326 572 tumque,
356 497 414 553 aut
446 486 510 551 olei
540 486 607 550 vini
637 484 790 549 frumenti
819 486 951 550 emendi
980 487 1224 573 vendendique.
1296 492 1346 556 Et

193 593 328 674 quidem
352 593 379 655 si
405 590 485 653 nihil
508 591 551 655 de
573 588 721 673 partibus
744 587 824 653 lucri
847 599 881 652 et
905 591 1018 655 damni
1045 594 1241 660 nominatim
1265 616 1346 660 con·

192 697 327 772 venerit,
357 693 511 778 aequales
544 692 668 756 scilicet
699 702 809 773 partes
839 702 873 758 et
904 694 938 756 in
968 692 1059 759 lucro
1089 705 1123 760 et
1153 698 1186 761 in
1216 699 1345 763 damno

193 808 393 879 spectantur.
447 798 536 879 quod
567 797 594 859 si
625 816 805 878 expressae
829 795 949 862 fuerint
981 807 1101 879 partes,
1128 799 1193 865 hae
1219 804 1344 866 servari

193 900 336 965 debent:
360 920 419 964 nec
435 900 522 963 enim
538 920 696 983 umquam
709 898 845 963 dubium
860 898 929 980 fuit,
940 900 1021 982 quin
1035 901 1146 967 valeat
1158 907 1346 985 conventio,

193 1005 219 1067 si
235 1005 302 1067 duo
318 1004 402 1067 inter
420 1024 455 1067 se
470 1004 558 1087 pacti
577 1013 663 1078 sunt,
679 1011 716 1066 ut
736 1003 779 1066 ad
801 1022 904 1065 unum
920 1003 1056 1085 quidem
1072 1005 1160 1069 duae
1174 1017 1287 1089 partes
1308 1020 1346 1075 et

163 1109 306 1172 2damni
327 1118 360 1172 et
381 1108 462 1171 lucri
482 1107 676 1191 pertincant,
690 1107 733 1170 ad
754 1107 856 1170 alium
877 1108 985 1172 tertia.
1031 1107 1084 1173 De
1100 1108 1156 1174 illa
1171 1132 1250 1176 sane
1266 1133 1345 1177 con·

192 1214 346 1278 ventione
364 1212 550 1295 quaesitum
567 1222 628 1286 est,
644 1211 672 1274 si
693 1210 800 1275 Titius
819 1219 854 1275 et
875 1210 972 1275 Seius
992 1212 1078 1276 inter
1092 1233 1129 1279 se
1148 1217 1236 1298 pacti
1253 1227 1343 1290 sunt,

193 1327 230 1380 ut
252 1317 295 1380 ad
319 1317 445 1380 Titium
470 1314 549 1379 lucri
573 1316 659 1379 duae
681 1324 792 1397 partes
817 1315 1013 1398 pertineant,
1034 1316 1149 1380 damni
1167 1321 1275 1395 tertia,
1299 1323 1343 1385 ad

193 1419 308 1485 Seium
332 1420 418 1485 duae
440 1430 551 1503 partes
574 1420 696 1494 damni,
712 1417 792 1483 lucri
814 1402 922 1495 tertia,
944 1440 987 1482 an
1010 1429 1080 1486 rata
1103 1422 1205 1487 debet
1226 1422 1343 1490 haberi

192 1521 390 1588 conventio?
428 1522 573 1605 Quintus
592 1522 723 1587 Mucius
742 1532 858 1587 contra
879 1531 1031 1587 naturam
1051 1524 1220 1590 societatis
1239 1527 1343 1592 talem

192 1629 379 1710 pactionem
396 1650 467 1692 esse
479 1628 681 1693 existimavit
694 1637 727 1692 ct
742 1628 786 1691 ob
803 1627 836 1692 id
853 1648 918 1691 non
931 1647 1003 1691 esse
1018 1637 1124 1692 ratam
1140 1627 1342 1696 habendam.

194 1731 327 1796 Servius
359 1732 533 1815 Sulpicius,
563 1733 655 1796 cuius
681 1732 846 1796 sententia
874 1731 1067 1814 praevaluit,
1092 1742 1207 1797 contra
1230 1737 1342 1812 sentit,

106 1852 115 1867 ·
192 1838 269 1918 quia
291 1857 390 1918 saepe
412 1836 619 1919 quorundam
641 1836 687 1900 ita
707 1836 850 1920 pretiosa
871 1845 923 1900 est
945 1855 1047 1916 opera
1067 1837 1100 1899 in
1118 1838 1288 1914 societate,
1304 1850 1343 1905 ut

193 1960 250 2003 cos
266 1941 387 2002 iustum
403 1941 446 2002 sit
463 1938 597 2004 meliore
613 1940 806 2004 condicione
827 1939 860 2002 in
880 1939 1074 2003 societatem
1089 1941 1239 2006 admitti:
1264 1963 1342 2007 nam

193 2044 288 2106 etita
305 2043 382 2107 coiri
398 2063 496 2127 posse
510 2043 702 2107 societatem
719 2063 785 2107 non
806 2042 985 2119 dubitatur,
1002 2052 1039 2106 ut
1060 2043 1146 2108 alter
1165 2045 1342 2127 pecuniam

192 2148 347 2226 conferat,
363 2147 448 2211 alter
465 2167 530 2210 non
554 2146 700 2211 conferat
723 2155 757 2211 et
779 2156 892 2212 tamen
916 2145 1042 2210 lucrum
1065 2146 1229 2213 intereos
1252 2169 1343 2213 com·

192 2273 291 2314 mune
306 2252 357 2329 sit,
373 2252 449 2333 quia
467 2271 566 2335 saepe
581 2272 682 2334 opera
697 2251 832 2315 alicuius
847 2270 907 2332 pro
921 2250 1061 2333 pecunia
1076 2251 1173 2316 valet.
1208 2262 1242 2316 et
1257 2254 1343 2318 adeo

191 2365 307 2419 contra
337 2354 454 2438 Quinti
485 2355 588 2420 Mucii
617 2356 816 2421 sententiam
847 2354 999 2437 optinuit,
1031 2365 1068 2420 ut
1098 2355 1178 2421 illud
1206 2378 1341 2440 quoque

192 2460 375 2523 constiterit
393 2481 490 2542 posse
510 2461 692 2539 convenire,
708 2470 745 2524 ut
766 2461 840 2542 quis
859 2458 938 2522 lucri
957 2470 1085 2542 partem
1106 2460 1199 2539 ferat,
1214 2462 1341 2526 damno

192 2583 257 2627 non
273 2573 431 2641 teneatur,
447 2565 536 2647 quod
557 2575 591 2629 et
611 2565 719 2646 ipsum
737 2562 870 2628 Senius
891 2565 1124 2628 convenienter
1141 2564 1204 2627 sibi
1223 2567 1339 2630 existi·

191 2669 312 2732 mavit:
335 2669 425 2751 quod
448 2678 562 2732 tamen
585 2670 632 2733 ita
654 2668 801 2751 intellegi
824 2676 966 2749 oportet,
989 2677 1036 2747 ut,
1059 2668 1086 2730 si
1112 2669 1145 2731 in
1169 2668 1340 2753 aliquare

190 2773 327 2851 lucrum,
350 2774 383 2836 in
402 2773 513 2855 aliqua
536 2775 695 2838 damnum
719 2772 857 2837 allatum
884 2773 936 2846 sit,
960 2772 1231 2854 compensatione
1252 2773 1341 2838 facta

189 2981 270 3028 some
287 2961 392 3032 special
404 2961 543 3029 business,
555 2979 581 3016 e.
589 2979 614 3031 g.
629 2978 661 3015 as
674 2977 741 3015 corn
754 2977 786 3013 or
799 2958 870 3013 wine
883 2959 1053 3028 merchants,
1069 2960 1134 3029 Dig.
1148 2959 1183 3015 ib.
1200 2973 1224 3029 5.
1237 2977 1288 3030 pr„
1303 2959 1340 3015 ib.

192 3062 232 3118 5²·
246 3064 263 3115 4
276 3048 332 3102 and
348 3059 370 3116 5.
408 3048 434 3100 Α
447 3045 598 3116 particular
610 3045 681 3098 forrn
695 3044 728 3097 of
736 3043 792 3098 this
805 3060 862 3096 was
875 3043 996 3097 societas
1009 3042 1162 3112 vectigalis,
1175 3042 1287 3097 formed
1300 3044 1342 3098 for

189 3132 238 3186 the
251 3131 372 3199 farming
381 3130 413 3183 of
422 3130 470 3184 the
483 3128 577 3198 public
590 3144 719 3194 revenue,
729 3143 747 3180 a
760 3125 924 3196 peculiarity
934 3125 966 3180 of
975 3125 1066 3180 which
1076 3142 1133 3180 was
1146 3126 1207 3181 that
1220 3126 1269 3181 the
1281 3127 1341 3182 rule

189 3215 283 3270 stated
297 3214 324 3267 in
339 3215 353 3281 §
370 3226 383 3283 5
397 3213 446 3266 inf.
459 3211 508 3265 did
520 3221 570 3266 not
583 3210 659 3278 hold,
674 3210 739 3278 Dig.
756 3222 794 3276 17.
810 3224 834 3263 2.
850 3220 890 3277 59.

222 3288 414 3452 „formas
428 3297 466 3350 rei
481 3295 571 3364 unius,
581 3295 630 3349 the
643 3294 736 3364 object
749 3294 781 3347 of
791 3292 882 3347 which
899 3292 923 3347 is
942 3310 960 3348 a
978 3292 1068 3363 single
1085 3293 1269 3362 transactiou,
1283 3309 1340 3363 eg.

188 3383 238 3439 the
279 3392 320 3437 mt
332 3381 471 3451 purchase
484 3380 516 3434 of
525 3378 639 3449 specific
652 3387 792 3447 property,
808 3376 873 3446 Dig.
887 3376 924 3430 ib.
940 3390 963 3446 5.
975 3392 1027 3446 pr,
1040 3377 1077 3431 ib.
1093 3376 1134 3446 58.
1148 3392 1188 3444 pr.

226 3465 239 3537 ξ
254 3471 278 3520 1.
298 3468 338 3520 As
352 3481 472 3535 appears
485 3464 557 3517 from
572 3477 587 3515 2
601 3461 648 3516 inf.
659 3462 695 3515 ad
709 3461 764 3529 fin,
778 3461 816 3529 by
828 3461 936 3514 lucrum
953 3460 1011 3515 and
1027 3460 1162 3514 damnum
1176 3458 1200 3512 is
1213 3468 1310 3514 meant
1323 3476 1342 3514 a

188 3550 352 3605 favourable
370 3547 428 3602 and
447 3564 483 3602 an
502 3547 622 3600 adverse
640 3544 759 3598 balance
777 3554 806 3597 at
826 3543 874 3597 the
893 3542 961 3598 time
980 3543 1061 3597 when
1079 3543 1127 3597 the
1142 3552 1279 3597 accounts
1291 3559 1340 3598 are

188 3633 283 3701 taken,
297 3650 320 3686 e.
326 3649 353 3701 g.
373 3641 402 3685 at
420 3631 469 3685 the
482 3630 538 3684 end
555 3629 587 3683 of
602 3630 650 3683 the
669 3645 745 3696 year,
758 3642 790 3681 or
803 3627 884 3681 when
897 3628 946 3681 the
959 3626 1136 3697 partnership
1150 3625 1173 3679 is
1187 3624 1341 3682 dissolved.

191 3717 221 3771 If
235 3716 255 3770 it
275 3733 347 3771 were
366 3715 478 3784 agreed,
492 3714 520 3768 in
539 3730 556 3767 a
575 3710 755 3782 partnership
774 3710 901 3765 between
921 3712 947 3764 A
965 3710 1022 3765 and
1042 3711 1075 3778 B,
1087 3711 1149 3764 that
1168 3708 1250 3763 while
1269 3710 1341 3764 each

188 3798 290 3853 should
304 3799 386 3852 share
399 3799 488 3852 losses
502 3797 621 3867 equally,
635 3797 661 3849 A
673 3794 775 3848 should
787 3796 859 3849 have
873 3811 891 3848 a
903 3795 994 3863 larger
1010 3792 1172 3864 proportion
1186 3793 1219 3847 of
1232 3792 1341 3862 profits,

188 3882 210 3936 it
224 3899 280 3936 was
294 3899 311 3936 a
323 3880 467 3936 condition
481 3881 542 3935 that
555 3881 581 3933 A
594 3878 697 3932 should
714 3878 787 3932 have
806 3877 985 3933 contributed
998 3894 1076 3931 more
1089 3877 1157 3931 than
1171 3877 1195 3929 B
1208 3874 1300 3931 either
1312 3875 1345 3930 of

188 3965 301 4036 capital,
324 3963 421 4031 credit,
441 3980 473 4018 or
493 3973 702 4031 management,
724 3971 793 4016 etc:
820 3960 861 4015 ‘si
886 3979 953 4015 vero
978 3958 1113 4030 placuerit
1134 3969 1164 4013 ut
1184 3957 1247 4028 quis
1268 3957 1341 4012 duas

188 4061 283 4120 partes
305 4049 349 4103 vel
369 4058 425 4102 tres
443 4046 556 4114 habeat,
575 4046 647 4100 alius
665 4062 760 4114 unam,
780 4061 817 4099 an
836 4045 950 4099 valeat?
972 4045 1065 4113 placet
1088 4043 1190 4108 valere,
1210 4040 1233 4096 si
1252 4040 1340 4095 modo

188 4131 295 4202 aliquid
313 4132 376 4201 plus
395 4130 512 4185 contulit
531 4129 659 4184 societati
679 4130 722 4183 vel
742 4127 879 4199 pecuniae
901 4129 945 4183 vel
964 4144 1067 4197 operae
1085 4127 1130 4180 vel
1148 4123 1341 4196 cuiuscunque

187 4214 302 4270 alterius
321 4214 361 4269 rei
380 4215 481 4268 causa'
500 4212 566 4283 Dig.
583 4225 622 4279 17.
636 4227 660 4267 2.
681 4227 722 4282 29
736 4229 778 4282 pr.
816 4213 850 4266 ln
869 4212 917 4267 the
936 4221 994 4266 text
1012 4210 1109 4265 before
1126 4227 1160 4264 us
1180 4207 1244 4278 (nec
1263 4208 1340 4264 enim

188 4314 333 4368 unquam.
349 4337 375 4352 ..
389 4338 395 4351 .
410 4295 447 4350 ad
459 4295 545 4350 alium
559 4294 652 4363 tertia)
666 4297 715 4350 the
731 4311 829 4349 excess
842 4293 1021 4349 contributed
1033 4293 1072 4363 by
1083 4293 1111 4347 Α
1123 4291 1148 4348 is
1160 4302 1189 4348 to
1202 4292 1239 4347 be
1252 4291 1341 4347 found

187 4379 226 4450 by
239 4380 334 4448 laying
346 4390 432 4434 stress
445 4396 520 4448 upon
534 4380 582 4434 the
595 4378 686 4433 words
700 4378 742 4433 ‘et
755 4377 869 4432 damni!

224 4462 283 4534 ἕξ.
303 4463 365 4518 The
377 4462 478 4520 earlier
490 4472 552 4534 part
565 4463 598 4517 of
612 4461 668 4518 this
686 4460 794 4518 section
811 4478 903 4518 seems
919 4469 949 4518 at
965 4460 1025 4518 first
1041 4457 1117 4530 sight
1129 4468 1159 4516 to
1171 4458 1208 4515 be
1220 4457 1339 4529 directly
