2986 5048
174 363 291 430 mn]
320 361 381 416 oa
396 359 756 416 ostronrrorwaus
771 360 1236 432 Qurswaxcowrnacw
1258 367 1323 438 445

176 526 297 590 iudicio
312 548 355 590 ex
371 525 423 590 his
438 527 544 591 causis
567 525 732 608 obligatus
753 536 814 591 est.
862 527 970 592 Heres
989 549 1121 612 quoque
1137 530 1321 612 legatorum
1338 550 1355 601 5

176 632 310 694 nomine
326 651 391 694 non
408 631 538 712 proprie
557 651 600 693 ex
616 639 784 695 contractu
806 631 973 715 obligatus
989 632 1188 715 intellegitur
1203 629 1324 718 (neque

176 733 355 798 enimcum
376 733 497 798 herede
521 754 627 816 neque
648 755 723 798 cum
743 733 900 800 defuncto
921 735 1024 799 ullum
1044 737 1212 818 negotium
1235 736 1324 819 lega-

175 838 278 901 tarius
293 839 431 920 gessisse
444 839 573 921 proprie
584 839 648 903 dici
665 835 806 924 potest)‡:
829 850 863 903 et
879 849 1001 913 tamen,
1013 841 1091 923 quia
1104 862 1147 904 ex
1164 840 1325 904 maleficio

177 961 243 1006 non
259 954 310 1008 est
326 943 491 1027 obligatus
502 944 607 1018 heres,
620 944 714 1026 quasi
731 965 775 1008 ex
792 955 961 1010 contractu
978 944 1099 1008 debere
1115 945 1324 1029 intellegitur.

177 1045 265 1110 Item
289 1047 324 1125 is,
347 1049 398 1112 cui
425 1048 498 1133 quis
523 1069 581 1131 per
604 1068 746 1113 errorem
772 1069 837 1112 non
864 1050 1013 1114 debitum
1038 1049 1144 1127 solvit,
1164 1051 1257 1132 quasi
1281 1070 1356 1123 exe

176 1160 348 1215 contractu
364 1153 486 1216 debere
500 1153 638 1217 videtur.
675 1154 760 1217 adeo
783 1154 871 1218 enim
894 1174 958 1217 non
980 1153 1182 1235 intellegitur
1197 1157 1325 1237 proprie

177 1274 222 1318 ex
245 1265 416 1320 contractu
439 1256 616 1338 obligatus,
639 1266 686 1333 ut,
709 1257 736 1320 si
760 1258 931 1322 certiorem
956 1257 1117 1322 rationem
1141 1278 1325 1339 sequamur,

177 1360 284 1441 magis
299 1369 336 1422 ut
347 1380 445 1442 supra
457 1360 603 1424 diximus
615 1381 659 1424 ex
674 1362 844 1437 distractu,
857 1382 958 1444 quam
975 1382 1018 1425 ex
1034 1370 1204 1424 contractu
1222 1361 1326 1443 possit

177 1462 243 1526 dici
270 1463 436 1545 obligatus
457 1481 545 1528 esse:
569 1485 645 1528 narn
671 1466 727 1549 qui
750 1465 898 1529 solvendi
921 1467 1032 1529 animo
1056 1466 1230 1547 pecuniam
1256 1467 1324 1542 dat,

176 1567 210 1630 in
232 1567 294 1633 hoc
318 1570 397 1633 dare
410 1569 549 1646 videtur,
564 1579 601 1633 ut
623 1569 786 1635 distrahat
807 1573 917 1653 potius
939 1570 1108 1652 negotium
1129 1589 1230 1651 quam
1247 1589 1325 1633 con·

175 1671 296 1736 trahat.
340 1673 398 1736 sed
426 1682 539 1737 tamen
568 1673 706 1756 proinde
732 1674 759 1737 is
785 1675 841 1758 qui
871 1674 999 1756 accepit
1029 1663 1202 1756 obligatur,
1232 1693 1271 1736 ac
1298 1674 1325 1737 si

177 1787 328 1840 mutuum
355 1776 402 1840 illi
429 1776 570 1856 daretur,
597 1789 630 1842 et
654 1780 730 1842 ideo
754 1781 961 1845 condictione
985 1788 1125 1842 tenetur.
1171 1778 1227 1840 Ex
1254 1778 1357 1859 qui-7

175 1880 317 1945 busdam
345 1892 457 1946 tamen
485 1883 591 1947 causis
618 1885 722 1966 repeti
749 1904 815 1947 non
843 1892 963 1964 potest,
989 1884 1078 1965 quod
1103 1904 1161 1966 per
1183 1902 1323 1945 errorem

176 2004 243 2047 non
265 1985 414 2050 debitunt
442 1985 586 2049 solutum
614 1988 666 2051 sit.
703 1987 750 2051 sic
772 2008 914 2071 namque
938 1987 1156 2051 definiverunt
1178 1996 1325 2050 veteres:

163 2067 220 2151 'ex
244 2091 362 2173 quibus
385 2091 491 2155 causis
513 2091 686 2155 infitiando
709 2092 749 2156 lis
772 2094 896 2172 crescit,
912 2114 956 2156 ex
978 2093 1029 2157 his
1053 2092 1158 2157 causis
1180 2112 1244 2154 non
1264 2091 1323 2155 de-

176 2192 284 2257 bitum
300 2193 446 2258 solutum
469 2196 572 2278 repeti
596 2215 661 2258 non
685 2217 791 2279 posse,
806 2196 909 2260 veluti
931 2219 974 2260 ex
997 2196 1069 2278 lege
1085 2195 1229 2278 Aquilia,
1245 2197 1325 2259 item

176 2317 221 2360 ex
238 2297 357 2381 legato.
393 2301 482 2381 quod
498 2310 625 2364 veteres
647 2302 781 2383 quidem
807 2302 840 2364 in
863 2302 914 2365 his
936 2300 1054 2383 legatis
1076 2300 1182 2383 locum
1205 2300 1327 2367 habere

176 2402 360 2482 voluerunt,
376 2424 461 2486 quae
482 2415 572 2469 certa
592 2407 772 2470 constituta
795 2427 854 2489 per
868 2405 1117 2470 damnationem
1133 2406 1328 2487 cuicumque

176 2505 307 2572 fuerant
327 2507 457 2591 legata:
480 2519 592 2573 nostra
614 2521 726 2574 autem
743 2510 936 2574 constitutio
957 2529 1031 2573 cum
1054 2529 1153 2571 unam
1176 2519 1327 2572 naturam

176 2612 331 2675 omnibus
361 2611 480 2695 legatis
507 2622 541 2677 et
567 2612 832 2677 fideicommissis
859 2612 1004 2686 indulsit,
1031 2611 1220 2674 huiusmodi
1247 2631 1327 2692 aug-

178 2725 327 2779 mentum
353 2718 385 2779 in
409 2717 563 2781 omnibus
583 2717 702 2800 legatis
718 2727 752 2780 et
773 2717 1035 2782 fideicommissis
1051 2716 1187 2778 extendi
1203 2714 1326 2778 voluit:

176 2820 236 2883 sed
260 2840 325 2883 non
349 2821 503 2884 omnibus
526 2821 693 2906 legatariis
714 2821 874 2904 praebuit,
891 2822 949 2884 sed
972 2819 1203 2884 tantummodo
1225 2820 1256 2881 in
1276 2818 1328 2882 his

176 2922 296 3008 legatis
316 2935 351 2990 et
377 2925 648 3005 fideicommissis,
674 2948 760 3011 quae
786 2926 1003 2991 sacrosanctis
1027 2922 1172 2988 ecclesiis
1195 2923 1328 2987 ceteris-

176 3048 242 3110 que
270 3029 511 3092 venerabilibus
541 3029 630 3109 locis,
653 3051 739 3114 quae
771 3030 936 3113 religionis
963 3029 1015 3093 vel
1042 3027 1175 3110 pietatis
1206 3027 1326 3091 intuitu

176 3131 442 3210 honorificantur,
462 3134 619 3201 derelicta
638 3147 725 3216 sunt,
745 3155 831 3219 quae
851 3136 879 3199 si
899 3134 1047 3199 indebita
1066 3131 1244 3206 solvantur,
1261 3151 1327 3195 non

177 3245 379 3318 repetuntur.

213 3502 271 3576 §b
291 3505 325 3559 ln
339 3504 427 3562 Gaius
440 3506 468 3561 ii.
482 3521 515 3578 35
535 3509 592 3563 and
610 3509 653 3578 36,
666 3510 714 3565 the
726 3508 815 3565 aditio
834 3509 867 3564 os
879 3509 927 3565 the
946 3508 1098 3576 hereditas,
1113 3505 1203 3561 which
1217 3515 1327 3559 creates

176 3587 233 3646 this
243 3588 511 3660 quasi-contractual
524 3592 642 3648 relation
655 3594 783 3650 between
795 3595 878 3649 heres
891 3593 948 3648 and
961 3591 1097 3663 legatarii,
1111 3591 1134 3645 is
1148 3589 1226 3645 itself
1235 3588 1326 3642 called

176 3673 321 3744 obligatio.
358 3674 463 3729 Where
476 3675 525 3730 the
543 3693 588 3731 res
605 3678 699 3746 legata
718 3694 775 3731 was
793 3675 908 3746 specific
925 3686 1059 3746 property
1071 3674 1104 3728 of
1118 3674 1167 3729 the
1186 3672 1327 3726 testators

175 3773 248 3828 own,
261 3759 310 3814 the
322 3758 431 3829 legatee
444 3758 501 3814 had
514 3777 532 3814 a
544 3759 618 3830 right
632 3759 661 3815 in
674 3778 744 3826 rem,
755 3760 813 3815 and
826 3760 910 3815 could
922 3776 1038 3814 recover
1050 3757 1071 3815 it
1083 3758 1122 3827 by
1134 3755 1295 3812 vindicatio.

213 3839 270 3912 §⁰-
291 3842 332 3898 Cs.
348 3840 402 3897 Tit.
419 3858 459 3910 14.
476 3857 487 3896 1
501 3843 559 3898 and
572 3854 661 3913 notes,
676 3861 750 3914 supr.

213 3923 268 3997 §2
288 3926 351 3981 The
370 3943 450 3981 cases
469 3925 502 3980 os
516 3926 550 3982 lis
569 3944 699 3982 crescens
718 3926 902 3982 enumerated
920 3926 959 3995 by
972 3923 1060 3980 Gaius
1078 3922 1107 3978 in
1125 3922 1161 3978 iv.
1175 3922 1262 3993 pand
1279 3935 1323 3988 171

176 4024 225 4065 are
237 4009 286 4065 the
298 4000 425 4064 actiones
439 4009 562 4080 iudicati,
576 4010 692 4082 depensi
708 4010 785 4079 (note
797 4028 835 4065 on
845 4012 871 4064 T
872 4008 901 4064 it.
913 4025 954 4063 ao
965 4026 1007 4080 pr.
1016 4006 1103 4078 supr.)
1117 4007 1213 4061 damni
1227 4005 1328 4060 iniuria

175 4109 211 4148 ex
224 4092 286 4157 lege
299 4092 422 4163 Aquilia,
432 4093 489 4148 and
502 4095 564 4148 that
576 4093 619 4148 sor
631 4095 679 4149 the
693 4111 825 4163 recovery
835 4092 868 4148 ol
877 4110 894 4146 a
907 4092 1030 4161 legatum
1044 4107 1094 4160 per
1105 4088 1327 4143 damnationem.

176 4175 297 4232 Besides
310 4175 409 4231 claims
421 4176 464 4230 sor
477 4176 598 4246 legacies
610 4176 649 4231 ad
661 4176 723 4247 pias
736 4194 837 4231 causas
852 4176 905 4244 (sor
918 4175 1009 4228 which
1022 4173 1057 4229 cs.
1068 4173 1120 4227 Bk.
1131 4173 1165 4227 iv.
1176 4172 1202 4227 6.
1216 4187 1247 4241 19
1257 4171 1327 4240 ini),

175 4274 218 4314 we
228 4269 303 4314 must
313 4259 371 4314 add
383 4260 432 4314 the
445 4259 554 4314 actions
567 4277 604 4314 on
617 4259 778 4330 depositum
788 4257 948 4314 miserabile
958 4257 1036 4326 (note
1045 4273 1082 4311 on
1093 4254 1147 4311 Tit.
1162 4270 1200 4322 14
1212 4269 1228 4323 3
1239 4253 1326 4324 supr.)

176 4342 229 4398 Bk.
244 4341 280 4398 iv.
292 4343 319 4397 6.
333 4343 367 4397 26
385 4343 446 4411 ins.;
462 4360 499 4398 on
518 4360 536 4398 a
553 4343 632 4399 bond
651 4344 746 4399 whose
764 4341 950 4412 authenticity
962 4340 986 4396 is
1002 4340 1107 4396 denied
1123 4340 1161 4409 by
1173 4340 1220 4394 the
1239 4338 1327 4409 givet,

177 4427 253 4482 Now.
269 4426 310 4481 18.
323 4426 349 4496 8,
365 4426 423 4481 and
441 4425 532 4481 under
550 4444 630 4483 some
648 4426 868 4482 circumstances
886 4427 936 4482 the
954 4424 1029 4480 actio
1047 4422 1239 4490 redhibitoria,
1259 4420 1325 4493 Dig.

176 4524 220 4567 ιι.
237 4524 258 4566 1.
271 4521 314 4580 45.
351 4510 414 4566 The
426 4526 528 4567 reason
541 4511 604 4582 why
617 4510 760 4566 condictio
774 4509 893 4567 indebiti
912 4509 936 4565 is
953 4507 1091 4567 excluded
1110 4506 1138 4562 in
1152 4506 1232 4561 these
1245 4521 1326 4561 cases
