2986 5048
193 349 258 419 354
392 338 543 399 INSTIT
544 340 600 398 UT
598 340 744 397 IONUM
761 340 881 396 LIBRI
898 339 1135 413 QUATTUOR.
1225 344 1350 412 [Helu.

740 571 799 636 IV.

418 746 468 798 na
491 744 660 800 sanatus
683 744 879 798 consumo
901 744 1117 801 onsrrmuo.

237 898 300 962 Per
328 898 528 961 contrarium
552 905 665 960 autem
695 904 733 959 ut
762 894 856 958 liberi
885 896 929 959 ad
959 896 1048 962 bona
1073 908 1218 964 matrum
1244 901 1348 966 intes·

192 1012 338 1067 tatarum
361 1001 588 1080 admittantur,
607 1007 741 1064 senatus
764 1000 914 1064 consulto
931 999 1094 1067 Orfitiano
1114 1004 1270 1069 effectum
1286 1016 1347 1084 est,

193 1106 282 1188 quod
303 1105 408 1168 latum
432 1114 482 1168 est
505 1103 613 1169 Orfito
635 1112 669 1166 et
698 1101 788 1165 Ruso
810 1103 1010 1180 consulibus,
1034 1107 1102 1169 divi
1127 1106 1233 1173 Marci
1259 1117 1345 1174 tem·

192 1210 336 1291 poribus.
374 1215 408 1272 et
423 1208 503 1272 data
519 1217 570 1272 est
591 1215 663 1271 tam
684 1205 753 1269 tilio
774 1226 875 1288 quam
895 1206 984 1271 filiae
1004 1207 1153 1291 legitima
1167 1208 1346 1289 hereditas,

194 1313 322 1377 etiamsi
352 1313 461 1376 alieno
491 1311 551 1374 iuri
582 1309 720 1375 subiecti
750 1320 848 1374 sunt:
882 1321 917 1375 et
946 1312 1175 1395 praeferuntur
1203 1323 1239 1380 et
1267 1336 1346 1380 con-

165 1417 382 1500 lsanguineis
405 1427 440 1481 et
463 1414 618 1499 adgnatis
644 1414 820 1479 defunctae
844 1416 967 1480 matris
1012 1416 1081 1481 Sed
1108 1438 1184 1482 cum
1211 1440 1257 1483 ex
1282 1420 1346 1484 hoc

192 1532 328 1587 senatus
343 1521 493 1585 consulto
513 1529 651 1602 nepotes
671 1519 715 1583 ad
736 1519 831 1582 aviae
848 1520 1089 1584 successionem
1108 1522 1261 1604 legitimo
1275 1524 1346 1588 iure

193 1644 259 1688 non
288 1624 499 1701 vocabantur,
533 1630 651 1705 postea
686 1622 750 1685 hoc
785 1623 1076 1687 constitutionibus
1109 1626 1346 1709 principalibus

192 1729 405 1792 emendatum
431 1739 491 1801 est,
515 1736 552 1791 ut
577 1727 620 1790 ad
643 1725 893 1790 similitudinem
917 1727 1058 1791 filiorum
1081 1728 1289 1813 filiarumque
1312 1741 1346 1795 et

163 1841 332 1915 tnepotes
347 1841 381 1895 et
400 1840 517 1913 neptes
532 1839 697 1893 vocentur.
744 1829 924 1894 Sciendum
944 1840 1058 1894 autem
1081 1841 1132 1895 est
1154 1831 1347 1899 huiusmodi

192 1935 423 2009 successiones,
440 1954 526 2016 quae
536 1954 557 1997 a
569 1932 776 1997 Tertulliano
791 1943 825 1997 et
842 1933 1005 1998 Orfitiano
1016 1933 1215 2015 deseruntur,
1226 1938 1347 2020 capitis

193 2040 418 2105 deminutione
444 2060 509 2102 non
536 2038 660 2121 peremi
685 2047 821 2121 propter
842 2039 935 2101 illam
962 2039 1119 2121 regulam,
1146 2060 1213 2123 qua
1240 2061 1346 2105 novae

192 2143 393 2207 hereditates
419 2142 587 2224 legitimae
617 2141 734 2223 capitis
760 2142 987 2205 deminutione
1017 2163 1083 2206 non
1110 2155 1260 2226 pereunt,
1285 2146 1346 2210 sed

193 2246 270 2309 illae
299 2246 390 2311 solae
419 2266 504 2328 quae
539 2265 583 2308 ex
613 2245 688 2328 lege
718 2246 894 2310 duodecim
925 2245 1111 2310 tabularum
1142 2248 1346 2314 defemntur.

193 2349 382 2413 Novissime
418 2349 589 2414 sciendum
627 2358 678 2414 est
719 2349 821 2413 etiam
863 2348 938 2413 illos
978 2350 1106 2423 liberos,
1148 2352 1206 2433 qui
1244 2351 1347 2437 vulgo

164 2455 335 2535 aquaesiti
358 2463 443 2530 sunt,
462 2454 504 2517 ad
526 2456 640 2519 matris
659 2454 876 2518 hereditatem
892 2475 936 2517 ex
957 2453 1020 2518 hoc
1038 2465 1174 2519 senatus
1191 2456 1346 2522 consulto

192 2557 334 2622 admitti.

163 2677 181 2731 4
236 2659 273 2725 Si
301 2682 345 2724 ex
368 2660 515 2742 pluribus
545 2661 700 2744 legitimis
726 2659 903 2725 heredibus
926 2661 1063 2743 quidam
1090 2661 1263 2727 omiserint
1286 2661 1347 2728 he·

228 2877 242 2943 ὁ
253 2880 275 2931 1.
291 2878 352 2932 The
365 2885 542 2932 enactments
552 2876 675 2931 referred
688 2886 717 2931 to
727 2893 775 2932 are
786 2878 867 2931 those
877 2877 993 2947 already
1002 2876 1077 2933 cited
1090 2877 1147 2932 and
1156 2877 1347 2934 summarised

192 2977 229 3015 on
243 2960 298 3014 Tit.
316 2976 337 3015 1.
354 2974 383 3029 15
398 2978 471 3029 supr.
724 2950 731 2965 ⁵

229 3041 286 3112 §2
304 3043 444 3113 Justinian
459 3043 482 3098 is
495 3044 562 3097 here
575 3042 713 3114 speaking
728 3043 761 3097 ol
771 3043 872 3115 capitis
888 3043 1044 3099 deminutio
1060 3042 1178 3099 minima
1191 3045 1259 3114 only
1272 3064 1280 3111 ς
1297 3044 1347 3100 the

192 3125 290 3181 child's
303 3125 378 3195 right
391 3137 420 3180 to
433 3127 554 3182 succeed
567 3144 623 3181 was
636 3127 727 3181 based
739 3144 776 3181 on
789 3129 901 3182 natural
918 3127 1077 3197 cognatiori,
1091 3129 1148 3182 and
1161 3128 1189 3182 in
1204 3128 1256 3183 Bk
1271 3127 1288 3183 i.
1305 3129 1346 3183 16.

191 3210 209 3262 6
222 3226 297 3279 supr.
310 3211 347 3264 he
363 3227 429 3279 says
443 3210 537 3281 ‘quod
555 3220 650 3265 autem
664 3210 827 3265 dictumest
845 3228 960 3266 manere
979 3211 1157 3280 cognationis
1174 3211 1218 3265 ius
1233 3222 1263 3266 et
1280 3221 1345 3282 post

192 3292 293 3362 capitis
314 3293 544 3361 deminutionem,
566 3294 621 3348 hoc
643 3293 683 3348 ita
705 3305 756 3362 est,
777 3294 800 3348 si
820 3294 938 3349 minima
960 3294 1061 3364 capitis
1082 3293 1239 3349 deminutio
1260 3294 1346 3349 inter·

193 3376 305 3445 veniat,’
320 3378 378 3431 and
396 3377 424 3431 in
443 3378 492 3432 the
511 3377 613 3447 Digest
632 3376 687 3445 (38.
705 3391 744 3443 17.
761 3393 783 3431 1.
796 3378 824 3445 8)
846 3377 960 3448 Ulpian,
980 3377 1119 3447 speaking
1133 3377 1166 3432 os
1180 3378 1345 3433 succession

193 3457 283 3512 under
295 3460 350 3513 this
370 3461 433 3528 SC,
447 3477 512 3529 says
526 3460 603 3514 ‘sive
622 3460 684 3530 quis
704 3470 770 3516 ante
790 3460 914 3515 delatam
932 3461 1024 3531 capite
1043 3460 1186 3529 minuitur,
1199 3460 1237 3516 ad
1255 3461 1347 3531 legiti-

193 3558 270 3595 mam
288 3541 475 3598 hereditatem
492 3543 665 3612 admittetur,
679 3543 733 3597 nisi
752 3560 857 3613 magna
876 3543 978 3614 capitis
992 3543 1148 3599 deminutio
1167 3543 1347 3613 interveniat,

192 3641 265 3694 quae
283 3627 327 3679 vel
346 3625 490 3682 civitatem
508 3625 617 3695 adimit,
630 3636 660 3680 ut
679 3637 755 3696 puta,
774 3626 797 3679 si
817 3626 997 3695 deportetur!
1034 3627 1096 3681 The
1110 3626 1173 3681 ‘illa
1191 3628 1305 3695 regula’
1321 3626 1347 3683 is

192 3709 287 3763 rather
304 3716 353 3762 too
371 3709 472 3778 widely
489 3708 592 3776 stated,
611 3726 645 3763 as
661 3709 740 3763 there
760 3726 831 3763 were
850 3726 929 3764 some
948 3727 1029 3765 cases
1048 3709 1077 3764 in
1097 3710 1187 3764 which
1205 3709 1346 3765 bonorum

192 3791 337 3861 possessio
349 3792 425 3848 unde
437 3791 517 3847 liberi
531 3809 587 3847 was
601 3792 655 3847 lost
668 3792 706 3860 by
719 3791 819 3861 capitis
834 3791 998 3860 deminutio,
1013 3792 1078 3860 Dig.
1093 3794 1134 3861 38.
1148 3793 1173 3847 6.
1187 3807 1213 3861 9.

230 3873 285 3944 §a
307 3875 348 3930 Cf.
363 3874 417 3930 Tit.
432 3890 455 3943 3.
470 3888 485 3942 7
499 3892 574 3946 supr.
589 3875 646 3931 and
666 3875 736 3930 Cod.
745 3876 771 3931 6.
787 3889 826 3944 57.
845 3876 1035 3945 5(Justinian)
1056 3876 1214 3931 ‘sancimus
1234 3915 1242 3930 .
1263 3917 1270 3932 .
1291 3919 1298 3932 .
1317 3887 1347 3931 ut

192 3975 284 4029 neque
297 3976 331 4013 ex
344 3970 523 4027 testamento,
536 3976 628 4029 neque
641 3959 677 4013 ab
691 3959 833 4027 intestato,
847 3977 939 4029 neque
952 3978 985 4014 ex
999 3960 1166 4015 liberalitate
1179 3960 1253 4014 inter
1266 3960 1347 4015 vivos

192 4042 298 4111 habita,
321 4041 401 4096 iustis
425 4042 521 4098 liberis
546 4042 739 4111 existentibus,
762 4042 869 4114 aliquid
894 4043 930 4096 ab
959 4043 1113 4098 illustribus
1140 4043 1280 4097 matribus
1309 4042 1348 4098 ad

192 4125 303 4194 spurios
316 4125 470 4196 perveniat.
507 4125 558 4180 Sin
577 4137 673 4181 autem
691 4126 850 4180 concubina
869 4125 974 4181 liberae
993 4126 1169 4181 condicionis
1191 4126 1348 4182 constituta

193 4207 280 4261 filium
299 4209 343 4262 vel
363 4207 458 4276 filiam,
477 4225 511 4262 ex
530 4207 606 4262 licita
628 4208 833 4263 consuetudine
852 4209 889 4262 ab
908 4208 1024 4263 homine
1044 4209 1132 4264 libero
1154 4208 1263 4277 habita,
1282 4226 1346 4280 pro·

192 4290 336 4358 creaverit,
356 4307 405 4344 eos
424 4290 509 4345 etiam
529 4308 593 4346 cum
612 4291 744 4360 legitimis
762 4291 857 4347 liberis
880 4292 918 4347 ad
936 4304 1065 4348 materna
1083 4292 1179 4349 venire
1204 4293 1283 4348 bona
1296 4334 1303 4349 .
1318 4333 1345 4349 ..

192 4373 269 4425 nulla
282 4372 420 4426 dubitatio
434 4375 494 4428 est!

230 4451 243 4523 ξ
257 4458 285 4508 4
306 4456 367 4509 The
380 4455 433 4510 law
446 4456 478 4510 os
486 4457 597 4510 accrual
611 4474 716 4525 among
725 4455 798 4528 joint
811 4457 886 4512 heirs
900 4458 936 4512 ab
950 4457 1084 4513 intestato
1097 4457 1216 4512 differed
1228 4458 1346 4513 accord-
