2986 5048
207 369 273 443 554
308 357 314 368 '
412 361 762 421 INSTITUTIONUM
779 360 899 417 LIBRI
918 358 1154 432 QUATTUOR.
1238 358 1359 426 [Lian.

208 530 403 612 plerumque
423 527 579 603 efficiunt,
601 535 640 590 ut
662 525 769 590 minus
790 525 929 608 quisque
953 533 1180 607 consequatur,
1203 543 1305 606 quarn
1327 523 1360 588 ei

208 635 387 697 debeatur:
426 652 570 714 namque
598 652 643 695 ex
669 631 758 694 bono
783 639 818 693 et
844 649 961 711 aequo,
983 627 1099 693 habita
1126 629 1253 691 ratione
1279 628 1360 704 eius,

208 737 298 819 quod
323 736 462 800 invicem
482 745 628 799 actorem
653 754 698 798 ex
722 734 839 797 eadem
864 752 963 796 causa
987 741 1155 815 praestare
1180 739 1360 813 oporteret,

209 840 241 902 in
258 839 421 920 reliquum
436 858 513 902 eum
534 858 610 902 cum
633 856 700 919 quo
720 845 832 900 actum
856 844 908 900 est
926 836 1171 910 condemnaret,
1188 834 1273 899 sicut
1291 834 1360 897 iam

159 959 196 1015 40
208 943 333 1006 dictum
354 951 413 1006 est
459 941 546 1003 Eum
566 960 708 1023 quoque,
728 940 785 1022 qui
808 940 1023 1004 creditoribus
1044 938 1112 1001 suis
1132 938 1228 1001 bonis
1251 938 1360 1015 cessit,

208 1047 235 1108 si
266 1055 382 1126 postea
413 1044 537 1126 aliquid
572 1044 774 1125 adquisierit,
797 1044 887 1126 quod
911 1044 1065 1107 idoneum
1096 1041 1360 1105 emolumentum

207 1148 340 1224 habeat,
361 1169 405 1211 ex
431 1149 560 1230 integro
583 1148 615 1211 in
640 1148 673 1210 id
700 1148 790 1230 quod
817 1146 924 1210 facere
948 1154 1060 1229 potest
1080 1144 1258 1210 creditores
1280 1164 1359 1208 cum

208 1273 248 1315 eo
263 1253 496 1333 experiuntur:
520 1250 735 1315 inhumanum
752 1251 840 1314 enim
856 1260 926 1315 erat
942 1248 1122 1330 spoliatum
1137 1246 1276 1311 fortunis
1290 1247 1360 1312 suis

207 1355 241 1418 iu
256 1355 398 1419 solidum
414 1355 573 1419 damnari.

744 1536 824 1602 VII.

323 1703 428 1768 QUOD
451 1704 531 1757 CUM
556 1702 604 1755 EO
627 1703 694 1768 QUI
718 1704 759 1754 IN
780 1704 921 1755 ALIENA
944 1703 1158 1756 POTESTATE
1181 1703 1249 1755 EST

446 1807 646 1860 NEGOTIUM
668 1808 822 1862 GESTUM
848 1809 935 1860 ESSE
959 1809 1126 1860 DlClTUR.

251 1955 341 2041 Quia
370 1968 481 2023 tamen
520 1958 670 2042 superius
701 1957 903 2022 mentionem
933 1957 1109 2021 habuimus
1147 1956 1191 2021 de
1219 1956 1359 2034 actione,

208 2081 294 2143 quae
312 2062 343 2123 in
363 2061 528 2144 peculium
549 2062 690 2126 filiorum
711 2061 852 2125 familias
870 2080 1104 2142 servorumque
1122 2061 1250 2144 agitur:
1273 2078 1359 2142 opus

208 2173 269 2240 est,
287 2174 323 2227 ut
339 2164 381 2228 de
396 2165 458 2231 hac
473 2167 602 2229 actione
618 2175 651 2229 et
667 2167 710 2229 de
725 2165 851 2241 ceteris,
868 2184 954 2247 quae
975 2164 1154 2228 eorundem
1176 2162 1309 2226 nomine
1325 2164 1359 2225 in

208 2277 362 2348 parentes
392 2269 585 2333 dominosve
623 2270 693 2333 dari
735 2268 852 2347 solent,
882 2269 1073 2352 diligentius
1108 2269 1359 2330 admoneamus.

208 2379 243 2434 et
264 2371 350 2452 quia,
371 2371 439 2435 sive
461 2391 536 2435 cum
559 2372 660 2437 servis
687 2373 857 2455 negotium
881 2382 1013 2455 gestum
1037 2373 1080 2436 sit
1106 2372 1175 2435 sive
1198 2391 1273 2434 cum
1298 2370 1359 2448 his,

207 2473 264 2555 qui
288 2473 321 2536 in
343 2484 507 2557 potestate
528 2476 673 2557 parentis
695 2486 780 2551 sunt,
800 2475 868 2540 sere
891 2476 1008 2539 eadem
1027 2476 1097 2538 iura
1116 2483 1294 2550 servantur,
1316 2493 1361 2536 ne

206 2577 347 2641 v'erbosa
363 2577 420 2642 fiat
435 2578 623 2661 disputatio
637 2580 816 2662 dirigamus
832 2598 1018 2643 sermonem
1034 2581 1066 2641 in
1083 2598 1258 2661 personam
1274 2576 1359 2640 servi

208 2680 408 2762 dominique,
424 2681 511 2744 idem
532 2682 729 2747 intellecturi
750 2682 793 2747 de
816 2682 926 2746 liberis
948 2703 1081 2765 quoque
1101 2691 1136 2745 et
1159 2680 1359 2762 parentibus,

207 2803 348 2865 quorum
372 2784 404 2846 in
430 2795 596 2866 potestate
619 2795 704 2849 sunt.
749 2807 827 2849 nam
851 2787 878 2849 si
903 2786 983 2868 quid
1011 2786 1044 2848 in
1070 2785 1121 2847 his
1145 2784 1275 2867 proprie
1299 2783 1360 2846 ob·

208 2897 362 2966 servetur,
378 2891 557 2969 separatim
573 2890 790 2954 ostendimus.

243 3144 258 3209 §
272 3147 322 3199 40.
343 3145 400 3197 For
412 3143 504 3198 cessio
516 3144 655 3199 bonorum
669 3161 717 3199 see
730 3161 757 3214 p.
771 3158 822 3214 377
836 3163 912 3216 supr.

242 3231 303 3282 Ἧι.
315 3230 388 3282 VII„
408 3228 471 3282 The
489 3229 549 3283 rule
569 3228 601 3282 ol
616 3230 663 3283 the
682 3228 747 3282 civil
765 3230 827 3296 law,
845 3229 961 3299 already
977 3246 1055 3283 more
1072 3229 1141 3283 than
1153 3245 1232 3287 ,once
1244 3227 1360 3282 alluded

206 3320 245 3380 to,
265 3328 322 3364 was
342 3312 403 3366 that
423 3310 452 3365 in
474 3328 511 3365 no
528 3328 594 3366 case
613 3311 697 3366 could
715 3330 771 3382 any
791 3312 910 3381 liability
927 3313 1023 3367 attach
1045 3322 1074 3366 to
1093 3329 1110 3366 a
1127 3312 1203 3366 man'
1211 3328 1287 3382 upon
1309 3312 1360 3366 the

208 3403 349 3447 contracts
360 3410 392 3446 or
402 3392 638 3463 quasi-contracts
649 3394 733 3449 made
742 3394 781 3463 by
790 3397 873 3450 those
885 3395 914 3449 in
925 3394 969 3449 his
977 3411 1079 3464 power,
1090 3395 1216 3449 whether
1225 3394 1316 3448 slaves
1326 3410 1360 3448 or

207 3475 352 3530 children:
372 3475 488 3530 ‘melior
506 3477 637 3531 condicio
657 3487 755 3532 nostra
773 3494 824 3547 per
845 3494 942 3532 servos
962 3477 1021 3532 fieri
1039 3488 1141 3547 potest,
1158 3476 1280 3532 deterior
1299 3476 1360 3531 fieri

208 3575 264 3612 non
278 3560 388 3629 potest'
402 3559 466 3627 Dig.
483 3573 523 3628 50.
542 3573 579 3627 17.
597 3575 665 3629 1333
685 3561 720 3615 cs.
734 3560 788 3616 Tit.
803 3560 829 3615 6.
846 3576 878 3615 10
890 3577 964 3630 supr.
1008 3561 1070 3614 The
1083 3560 1215 3614 manifest
1227 3559 1360 3630 injustice

208 3640 241 3695 ol
255 3642 311 3696 this
330 3641 358 3695 in
378 3653 509 3698 concrete
522 3660 603 3699 cases
616 3643 662 3698 led
675 3655 704 3698 to
723 3660 741 3698 a
759 3643 919 3713 praetorian
937 3644 1055 3712 change,
1068 3644 1106 3712 by
1119 3643 1210 3697 which
1223 3660 1278 3697 oue
1292 3641 1360 3697 with

208 3727 301 3779 whom
318 3743 335 3779 a
354 3726 432 3780 slave
449 3727 622 3795 contracted,
643 3728 701 3782 and
721 3728 784 3781 who
804 3727 964 3798 previously
982 3727 1040 3781 had
1062 3744 1099 3781 no
1117 3727 1235 3795 remedy
1246 3725 1359 3796 against

208 3825 264 3876 any
276 3824 339 3876 one,
353 3825 410 3862 was
423 3809 553 3878 enabled,
567 3810 656 3864 under
669 3809 774 3864 certain
788 3809 1016 3877 circumstances,
1029 3819 1059 3863 to
1072 3826 1122 3863 sue
1139 3809 1188 3863 the
1200 3819 1314 3877 master,
1327 3824 1361 3863 or

207 3890 274 3945 with
287 3892 379 3945 whom
397 3908 415 3945 a
433 3891 627 3946 filiusfamilias
646 3892 811 3947 contracted
829 3893 913 3946 could
927 3909 977 3946 sue
989 3894 1037 3946 the
1050 3892 1143 3946 father
1154 3891 1183 3945 in
1196 3892 1359 3960 preference

207 3986 237 4028 to
262 3976 310 4028 the
335 3991 396 4042 son,
417 3974 528 4043 against
547 3976 640 4030 whom
661 3977 695 4030 oi
712 3993 811 4030 course
836 3977 872 4029 he
896 3976 954 4029 had
974 3976 1078 4043 always
1097 3974 1154 4028 had
1172 3973 1216 4027 his
1234 3974 1358 4043 remedy.

207 4059 271 4111 The
289 4068 384 4112 extent
402 4070 432 4112 to
454 4058 546 4113 which
563 4060 612 4113 the
632 4069 713 4129 pater
732 4076 764 4112 or
782 4058 913 4113 dominus
929 4074 987 4111 was
1002 4058 1066 4112 thus
1083 4057 1168 4111 made
1184 4056 1360 4110 ansverable

208 4140 305 4194 varied
325 4140 477 4209 according
498 4151 528 4195 to
546 4143 595 4196 the
615 4141 835 4196 circumstances
852 4142 884 4194 oi
899 4142 948 4196 the
964 4157 1040 4195 case.
1077 4141 1110 4194 ln
1130 4156 1210 4193 some
1224 4156 1305 4193 cases
1322 4140 1359 4194 be

113 4270 119 4280 .
208 4224 327 4278 became
350 4224 433 4279 liable
453 4235 483 4277 to
505 4225 554 4279 the
576 4223 698 4280 creditor
718 4224 746 4278 in
765 4224 895 4292 solidum,
911 4240 943 4278 as
963 4224 1055 4277 where
1071 4223 1108 4277 be
1125 4222 1190 4289 had,
1203 4221 1294 4275 either
1312 4238 1360 4275 ex-

208 4307 317 4375 pressly
330 4323 362 4360 or
374 4307 411 4375 by
424 4306 607 4376 implicatior,
619 4307 745 4362 directed
757 4324 790 4361 or
802 4307 1004 4376 subsequently
1013 4303 1138 4374 adopted
1150 4305 1199 4359 the
1212 4313 1339 4358 contract
1352 4323 1360 4369 ;

209 4392 237 4446 in
255 4395 351 4447 others
371 4394 415 4447 his
435 4393 591 4462 obligation
611 4411 668 4448 was
688 4404 738 4448 not
759 4394 937 4449 coextensive
957 4393 1023 4448 with
1044 4393 1105 4446 that
1128 4392 1160 4445 oi
1180 4392 1307 4457 theson,
1326 4406 1359 4444 as

209 4477 301 4531 where
320 4477 356 4532 he
373 4476 455 4532 knew
467 4476 588 4548 nothing
600 4478 633 4531 of
648 4479 696 4534 the
713 4477 895 4548 transaction,
908 4477 966 4532 and
978 4477 1037 4531 had
1049 4475 1165 4531 derived
1177 4491 1215 4529 no
1227 4471 1360 4544 personal
