2986 5048
199 357 262 440 258
398 360 473 417 INS
476 358 548 417 TIT
550 360 605 416 UT
604 359 685 416 1οΝ
687 359 752 415 UM
768 358 888 415 LIBRI
906 358 1143 432 QUATTUOR.
1237 364 1356 431 [Linll.

199 532 286 594 natis
308 528 422 612 aequis
444 550 488 593 ex
509 527 660 611 partibus
675 547 732 591 eos
747 526 885 591 heredes
900 549 982 593 esse.
1011 529 1162 611 partibus
1175 539 1293 595 autem
1319 533 1353 596 in

199 619 407 699 quorundam
423 615 570 698 personis
591 614 764 696 expressis,
780 617 807 677 si
830 616 904 697 quis
925 616 1010 679 alius
1032 616 1103 680 sine
1124 626 1219 698 parte
1242 621 1353 683 nomi·

199 729 298 784 natus
323 722 393 798 erit,
417 719 444 783 si
471 718 607 801 quidem
630 718 742 799 aliqua
772 738 848 800 pars
877 718 943 782 assi
972 720 1088 795 deerit,
1116 742 1161 785 ex
1186 741 1226 785 ea
1253 733 1352 804 parte

197 822 293 886 heres
308 822 364 886 fit:
388 832 422 886 et
437 823 464 885 si
479 823 589 905 plures
603 822 674 885 sine
691 831 785 903 parte
800 821 912 903 scripti
934 833 1023 897 sunt,
1037 844 1153 887 omnes
1172 825 1206 887 in
1227 827 1350 890 eadem

198 938 293 1009 parte
315 936 519 992 concurrent.
548 927 575 990 si
596 946 676 990 vero
698 935 788 990 totus
810 946 848 989 ns
870 926 1054 1008 completus
1077 929 1129 1005 sit,
1156 928 1189 991 in
1215 939 1349 1011 partem

198 1031 370 1096 dimidiam
385 1040 522 1095 vocatur
542 1039 576 1094 et
596 1029 651 1093 ille
673 1029 726 1092 vel
749 1029 794 1091 illi
816 1049 933 1093 omnes
953 1030 987 1092 in
1007 1029 1146 1095 alteram
1161 1032 1350 1097 dimidiam.

197 1153 259 1197 nec
288 1135 434 1213 interest,
464 1134 589 1217 primus
614 1153 658 1197 an
689 1133 817 1196 medius
846 1152 889 1195 an
924 1133 1120 1198 novissimus
1150 1136 1221 1199 sine
1252 1148 1349 1218 parte

168 1237 337 1320 tscriptus
349 1237 410 1301 sit:
434 1258 474 1301 ea
489 1239 577 1300 enim
593 1255 669 1319 pars
681 1236 760 1300 data
772 1236 973 1319 intellegitur
987 1257 1073 1318 quae
1087 1247 1193 1301 vacat.
1221 1238 1349 1303 Videa-

195 1356 280 1418 mus,
294 1341 322 1404 si
337 1360 413 1424 pars
427 1340 538 1423 aliqua
552 1352 647 1405 vacet
663 1360 722 1404 nec
738 1351 849 1404 tamen
866 1341 1041 1423 quisquam
1055 1342 1126 1405 sine
1140 1352 1235 1425 parte
1250 1342 1349 1408 heres

196 1444 367 1509 institutus
388 1445 440 1522 sit,
454 1445 534 1528 quid
552 1444 628 1507 iuris
643 1444 709 1508 sit?
735 1443 838 1507 veluti
856 1444 884 1507 si
905 1453 972 1508 tres
992 1466 1037 1509 ex
1052 1446 1178 1527 quartis
1192 1447 1348 1528 partibus

194 1548 334 1613 heredes
345 1549 457 1631 scripti
470 1558 556 1613 sunt.
580 1557 616 1612 et
630 1556 762 1612 constat
773 1558 947 1613 vacantem
957 1558 1085 1631 partem
1095 1550 1233 1632 singulis
1244 1552 1347 1616 tacite

195 1670 257 1735 pro
286 1653 484 1718 hereditaria
510 1662 605 1735 parte
633 1654 791 1717 accedere
814 1661 849 1716 et
875 1654 1010 1735 perinde
1035 1653 1158 1732 haberi,
1183 1673 1223 1718 ac
1247 1655 1276 1717 si
1300 1676 1347 1719 ex

195 1757 302 1820 tertiis
317 1758 465 1839 partibus
481 1757 620 1820 heredes
635 1756 746 1838 scripti
770 1764 898 1819 essent:
921 1766 955 1820 et
971 1777 1015 1820 ex
1030 1757 1159 1820 diverso
1174 1757 1202 1819 si
1217 1756 1295 1839 plus
1310 1758 1346 1823 in

195 1861 401 1942 portionibus
423 1863 475 1937 sit,
498 1861 599 1925 tacite
623 1860 760 1942 singulis
785 1860 979 1935 decrescere,
1004 1870 1050 1940 ut,
1072 1861 1100 1924 si
1121 1861 1213 1925 verbi
1234 1863 1346 1943 gratia

192 1973 354 2044 quattuor
376 1986 420 2028 ex
442 1966 546 2028 tertiis
567 1964 718 2046 partibus
739 1962 877 2027 heredes
900 1964 1012 2047 scripti
1035 1965 1109 2042 sint,
1125 1963 1261 2047 perinde
1283 1965 1345 2029 ha·

193 2066 343 2147 beantur,
365 2087 404 2133 ac
426 2069 454 2132 si
480 2068 706 2151 unusquisque
726 2088 771 2130 ex
794 2076 912 2149 quarta
935 2078 1030 2150 parte
1054 2069 1195 2149 scriptus
1218 2067 1344 2134 luisset.

166 2169 242 2232 8Et
264 2172 291 2234 si
313 2170 424 2254 plures
446 2173 561 2236 unciae
582 2191 683 2254 quam
707 2171 883 2235 duodecim
906 2171 1101 2235 distributae
1121 2182 1209 2250 sunt,
1227 2171 1264 2250 is,
1285 2172 1344 2255 qui

193 2273 266 2336 sine
279 2284 373 2355 parte
384 2275 552 2338 institutus
564 2285 623 2352 est,
634 2275 724 2356 quod
736 2274 895 2359 dipondio
907 2274 1001 2339 deest
1012 2274 1166 2338 habebit:
1185 2274 1344 2357 idemque

195 2376 267 2452 erit,
290 2378 317 2441 si
339 2379 517 2461 dipondius
534 2379 688 2461 expletus
703 2379 755 2442 sit
785 2399 872 2460 quae
893 2398 1008 2443 omnes
1031 2388 1142 2460 partes
1164 2379 1208 2443 ad
1223 2399 1343 2443 assem

194 2489 312 2561 postea
326 2491 530 2559 revocantur,
545 2482 695 2564 quamvis
710 2481 776 2545 sint
791 2481 934 2564 plurium
950 2483 1130 2545 unciarum.

164 2598 182 2652 9
239 2581 347 2649 Heres
370 2594 403 2649 et
425 2606 507 2669 pure
530 2596 563 2650 et
585 2584 647 2649 sub
670 2584 863 2649 condicione
883 2585 1009 2648 institui
1031 2594 1152 2668 potest.
1183 2605 1228 2648 ex
1250 2594 1344 2650 certo

194 2697 345 2772 tempore
360 2699 419 2755 aut
440 2691 484 2754 ad
507 2700 632 2755 certum
648 2698 782 2772 tempus
797 2710 863 2753 non
881 2698 1002 2772 potest,
1015 2688 1118 2752 veluti
1135 2694 1231 2772 ‘post
1245 2690 1344 2772 quin·

193 2795 374 2872 quennium
397 2814 498 2876 quam
521 2789 659 2858 moriar’
673 2793 726 2856 vel
741 2796 803 2856 ‘ex
818 2792 968 2856 kalendis
983 2789 1066 2856 illis'
1081 2801 1139 2856 aut
1157 2796 1283 2874 ‘usque
1298 2792 1344 2857 ad

192 2896 354 2962 kalendas
369 2898 442 2962 illas
455 2894 552 2962 heres
566 2894 671 2962 esto’:
694 2896 849 2978 diemque
869 2895 1035 2960 adiectum
1055 2916 1115 2977 pro
1136 2914 1343 2976 supervacuo

191 3000 306 3064 haberi
329 3002 436 3085 placet
453 3012 486 3067 et
500 3002 637 3085 perinde
651 3020 732 3076 esse,
748 3021 788 3064 ac
803 3001 830 3063 si
845 3020 927 3083 pure
944 2999 1040 3063 heres
1056 3000 1227 3063 institutus
1241 3010 1343 3066 esset.

226 3230 242 3295 l
257 3232 285 3284 Θ.
304 3230 362 3284 For
373 3229 504 3285 condicio
516 3228 573 3285 and
587 3227 647 3283 dies
660 3227 689 3282 in
702 3228 817 3298 general
830 3243 879 3282 see
891 3243 937 3298 pp.
954 3239 1076 3297 152-154
1089 3243 1164 3297 supr.
1196 3228 1242 3281 An
1255 3228 1342 3283 exhe-

190 3314 320 3369 redation
333 3315 417 3370 could
429 3323 479 3369 not
490 3314 527 3369 be
540 3312 624 3368 made
642 3312 752 3382 subject
771 3321 800 3366 to
815 3327 833 3365 a
850 3310 995 3365 condition
1008 3311 1104 3365 unless
1116 3310 1166 3365 the
1176 3309 1255 3364 child
1267 3327 1343 3367 wem

192 3395 339 3452 instituted
351 3397 380 3452 in
393 3399 442 3453 the
453 3406 585 3465 contrary
597 3404 689 3463 event,
705 3393 770 3464 Dig.
784 3395 827 3448 28.
843 3406 864 3463 5.
879 3407 905 3460 4,
917 3393 993 3449 ibn
1009 3408 1032 3449 t.

227 3480 290 3535 The
307 3479 464 3534 institution
479 3479 512 3533 of
524 3495 560 3533 an
577 3478 638 3532 heir
656 3495 690 3532 ex
709 3487 836 3547 tempore
856 3493 888 3531 or
903 3477 940 3530 ad
956 3487 1068 3547 tempus
1082 3475 1111 3543 (i
1121 3493 1146 3532 e.
1157 3493 1194 3531 ex
1205 3475 1253 3530 die
1265 3492 1299 3531 or
1311 3476 1341 3531 in

190 3561 289 3632 diern),
297 3576 329 3617 or
338 3562 447 3632 subject
460 3573 490 3616 to
502 3578 520 3616 a
531 3560 681 3616 resolutive
694 3560 848 3625 condition,
856 3559 949 3614 would
958 3559 1062 3615 violate
1071 3561 1120 3614 the
1131 3557 1237 3613 maxim
1251 3561 1342 3615 semel

188 3646 282 3715 heres,
295 3662 408 3715 semper
418 3646 510 3713 heres,
520 3645 578 3699 and
595 3644 665 3699 such
684 3642 892 3715 qualifications
905 3659 977 3697 were
993 3642 1175 3711 accordingly
1187 3641 1275 3696 talnen
1288 3658 1341 3712 pro

189 3744 249 3783 non
267 3727 379 3798 scriptis
402 3728 469 3798 Dig.
481 3729 524 3784 28.
539 3738 562 3797 5.
576 3740 618 3795 34,
631 3726 669 3780 ib.
686 3726 732 3795 88,
749 3736 850 3796 except
870 3725 899 3779 in
918 3725 1045 3780 soldiers’
1064 3724 1143 3793 wills,
1164 3723 1231 3792 Dig.
1250 3738 1295 3793 ²9·
1317 3740 1341 3782 1.

190 3820 233 3879 ³7.
246 3828 300 3882 pr,
312 3812 341 3866 in
354 3811 446 3866 which
459 3812 507 3867 the
518 3810 602 3866 effect
614 3810 647 3863 of
656 3809 747 3864 adies
759 3824 794 3864 ex
807 3825 863 3880 quo
874 3824 933 3863 was
946 3808 1079 3876 delation,
1090 3806 1160 3862 until
1173 3808 1221 3862 the
1236 3807 1341 3863 arrival

190 3895 223 3949 of
240 3895 289 3950 the
309 3895 378 3965 dies,
395 3904 425 3950 to
445 3896 493 3950 the
512 3893 645 3948 intestate
666 3892 750 3961 heirs,
769 3892 835 3961 Dig.
849 3906 892 3961 29·
908 3906 929 3946 1.
942 3906 987 3957 41.
999 3908 1051 3961 pr,
1064 3891 1126 3945 that
1144 3889 1178 3944 os
1191 3906 1211 3944 n
1228 3888 1291 3945 dies
1309 3891 1339 3947 in

190 3992 324 4048 quem,or
336 3979 385 4032 the
394 3976 541 4033 fulfilment
555 3977 587 4031 os
595 3993 613 4030 n
621 3975 772 4031 resolutius
785 3974 930 4031 condition
944 3990 1001 4029 was
1012 3984 1043 4028 to
1056 3973 1123 4029 shift
1134 3974 1184 4027 the
1193 3972 1339 4029 hereditas

189 4075 227 4112 on
239 4070 270 4113 to
282 4061 331 4114 the
342 4060 519 4127 substitutus,
532 4077 571 4128 or,
585 4058 609 4114 if
616 4060 696 4115 there
708 4074 781 4113 were
793 4074 876 4127 none,
889 4067 919 4112 to
931 4058 981 4113 the
993 4056 1114 4112 heredes
1127 4057 1164 4111 ab
1177 4054 1323 4113 intentato.

223 4142 304 4197 thus
322 4143 370 4197 the
388 4144 456 4212 only
473 4141 618 4197 condition
636 4158 712 4212 upon
731 4141 822 4195 which
843 4157 879 4196 an
900 4140 1033 4209 ordinary
1050 4138 1209 4194 institution
1228 4155 1283 4193 cnn
1301 4140 1339 4195 be

188 4225 274 4281 mnde
286 4236 315 4281 to
329 4226 441 4298 depend
459 4226 484 4280 is
502 4242 520 4280 a
538 4225 703 4296 suspensive
716 4240 779 4280 one.
815 4225 878 4279 The
890 4224 974 4279 effect
986 4223 1018 4277 os
1026 4221 1084 4277 this
1097 4240 1163 4291 was,
1176 4220 1294 4290 strictly,
1305 4231 1337 4277 to

188 4319 328 4378 postpone
340 4308 446 4365 delatio
457 4318 488 4364 to
499 4309 548 4363 the
561 4307 704 4363 institutus
716 4308 758 4362 till
770 4308 819 4364 the
838 4307 983 4362 condition
997 4323 1055 4360 was
1072 4304 1198 4374 fulfilled,
1214 4303 1279 4373 Dig.
1294 4319 1338 4374 29.

188 4402 212 4445 n
228 4405 251 4459 3.
264 4393 318 4462 69:
336 4393 387 4447 bnt
401 4392 451 4448 the
466 4391 582 4462 opinion
599 4392 632 4446 οἱ
648 4391 761 4446 Mucius
779 4392 918 4447 Scaevola
932 4406 991 4445 was
1009 4389 1157 4459 gradually
1169 4386 1338 4457 recognised

188 4489 220 4531 as
232 4476 295 4544 law,
307 4476 369 4532 that
380 4492 400 4532 n
411 4491 514 4547 person
526 4473 674 4532 instituted
686 4474 777 4531 under
789 4491 807 4531 a
819 4473 949 4531 condicio
962 4490 1019 4529 non
1034 4470 1159 4528 faciendi
1171 4469 1337 4541 practically
