2986 5048
107 346 207 412 Tiso]
346 345 408 401 DE
428 347 640 402 BONORUM
656 349 1023 412 POSSESSIONIBUS.
1190 350 1255 436 365

107 530 248 592 quoque,
264 511 320 594 qui
340 523 428 577 recte
448 513 536 579 sacto
559 525 758 582 testamento
776 517 914 583 heredes
935 520 1075 587 instituti
1096 534 1180 602 sunt,
1197 527 1257 590 dat

107 615 289 679 secundum
311 616 442 692 tabulas
464 618 625 682 bonorum
645 623 907 701 possessionem:
931 626 1011 688 item
1032 627 1075 690 ab
1097 628 1255 692 intestato

107 738 185 782 suos
211 717 347 782 heredes
374 730 408 784 et
433 722 598 804 adgnatos
622 725 664 787 ad
689 723 847 788 bonomm
874 730 1115 808 possessionem
1138 741 1255 795 vocat:

107 821 167 884 sed
184 829 217 885 et
240 832 367 886 remota
385 845 517 907 quoque
539 826 702 889 bonorum
725 829 930 909 possessione
953 832 995 894 ad
1015 853 1071 897 eos
1090 832 1257 897 hereditas

106 926 251 1008 pertinet
282 928 349 991 iure
380 928 475 992 civili.
535 929 629 1011 Quos
658 939 770 994 autem
806 943 939 1014 praetor
967 934 1056 998 solus
1086 946 1184 1000 vocat
1212 937 1287 1000 ad2

106 1027 337 1110 hereditatem,
352 1030 489 1096 heredes
504 1034 639 1115 quidem
656 1035 728 1116 ipso
744 1036 813 1099 iure
829 1056 894 1100 non
915 1037 999 1102 fiunt
1014 1035 1105 1123 (nam
1124 1051 1257 1121 praetor

109 1132 266 1197 heredem
296 1133 403 1198 lacere
434 1155 499 1199 non
532 1147 663 1218 potest:
698 1157 757 1220 per
788 1138 895 1220 legem
926 1141 1013 1203 enim
1044 1151 1173 1205 tantum
1204 1142 1257 1206 vel

108 1237 248 1302 similem
266 1239 343 1302 iuris
364 1241 630 1305 constitutionem
649 1240 788 1306 heredes
808 1243 901 1321 fiunt,
920 1245 1021 1309 veluti
1044 1267 1104 1328 per
1122 1257 1257 1310 senatus

108 1342 295 1407 consultum
312 1352 346 1408 et
364 1345 615 1409 constitutiones
636 1344 863 1430 principales):
887 1350 945 1411 sed
967 1369 1042 1412 cum
1064 1351 1110 1414 eis
1125 1361 1258 1432 praetor

108 1445 169 1509 dat
198 1446 360 1510 bonorum
387 1449 637 1531 possessionem,
662 1449 734 1514 loco
760 1450 920 1514 heredum
950 1454 1195 1517 constituuntur
1223 1465 1257 1518 et
1325 1475 1327 1478 ·

107 1559 268 1612 vocantur
294 1551 456 1614 bonorum
481 1572 695 1633 possessores.
733 1554 841 1617 adhuc
863 1563 975 1617 autem
1002 1563 1036 1618 et
1059 1555 1141 1619 alios
1167 1577 1258 1619 com-

107 1650 220 1735 plures
234 1655 355 1736 gradus
370 1664 502 1737 praetor
520 1654 598 1718 iecit
618 1657 651 1719 in
671 1656 833 1720 bonorum
853 1658 1113 1739 possessionibus
1129 1659 1257 1736 dandis,

108 1757 190 1820 dum
221 1759 254 1822 id
284 1760 414 1841 agebat,
444 1781 487 1824 ne
527 1760 600 1842 quis
635 1763 705 1824 sine
738 1782 924 1826 successore
961 1761 1137 1827 moriatur:
1179 1783 1257 1826 nam

108 1863 349 1942 angustissimis
373 1863 493 1928 linibus
517 1867 733 1930 constitutum
754 1887 812 1949 per
834 1866 941 1949 legem
966 1866 1139 1930 duodecim
1162 1868 1258 1930 tabu·

108 1963 214 2028 larum
241 1968 291 2029 ius
319 1968 602 2051 percipiendarum
628 1970 849 2034 hereditatum
877 1979 1009 2052 praetor
1034 1990 1078 2033 ex
1108 1970 1197 2033 bono
1224 1979 1258 2034 et

108 2089 217 2151 aequo
239 2071 400 2135 dilatavit.
447 2072 533 2137 Sunt
555 2084 668 2137 autem
690 2074 852 2138 bonorum
875 2073 1100 2156 possessiones
1124 2096 1168 2137 ex
1191 2084 1289 2142 tes-3

106 2181 258 2238 tamento
284 2176 418 2257 quidem
445 2175 516 2241 hae.
557 2178 671 2259 prima,
699 2200 784 2261 quae
810 2178 994 2262 praeteritis
1021 2177 1131 2241 liberis
1158 2179 1257 2241 datur

107 2287 308 2360 vocaturque
343 2289 457 2344 contra
496 2281 634 2345 tabulas.
687 2283 840 2360 secunda,
870 2302 970 2364 quam
1000 2282 1153 2345 omnibus
1188 2282 1259 2345 iure

108 2381 239 2463 scriptis
253 2382 427 2447 heredibus
439 2395 571 2467 praetor
581 2383 755 2467 pollicetur
769 2386 909 2467 ideoque
923 2394 1060 2448 vocatur
1074 2386 1258 2448 secundum

107 2484 251 2550 tabulas.
285 2496 319 2550 et
334 2506 409 2550 cum
426 2487 469 2551 de
485 2489 691 2552 testamentis
706 2490 795 2572 prius
810 2488 938 2552 locutus
951 2497 1011 2563 est,
1024 2489 1066 2551 ad
1083 2488 1259 2551 intestatos

108 2590 285 2653 transitum
308 2590 394 2655 iecit.
431 2600 465 2656 et
489 2593 595 2675 primo
617 2592 690 2656 loco
713 2593 779 2656 suis
801 2591 976 2656 heredibus
999 2601 1033 2654 et
1056 2591 1115 2665 his,
1138 2592 1194 2673 qui
1215 2612 1259 2654 ex

27 2768 33 2773 ¹
110 2694 222 2757 edicto
248 2697 406 2778 praetoris
435 2697 502 2760 suis
532 2705 818 2770 connumerantur,
850 2695 909 2759 dat
939 2697 1101 2758 bonorum
1132 2716 1261 2777 posses-

109 2797 237 2861 sionem
253 2819 338 2880 quae
352 2810 487 2863 vocatur
500 2801 588 2863 unde
603 2799 714 2863 liberi:
738 2800 883 2863 secundo
895 2798 1051 2880 legitimis
1063 2797 1259 2860 heredibus:

109 2901 210 2964 tertio
225 2901 339 2966 decem
356 2904 512 2986 personis,
528 2924 610 2987 quas
626 2913 785 2966 extraneo
805 2901 1032 2964 manumissori
1052 2900 1261 2984 praeferebat

110 3001 202 3090 (sunt
217 3014 329 3069 autem
344 3007 459 3070 decem
476 3028 634 3090 personae
649 3008 732 3071 hae:
760 3017 854 3091 pater
869 3017 984 3082 mater,
1000 3026 1080 3068 avus
1095 3005 1168 3068 avia
1188 3014 1260 3068 tam

148 3211 205 3283 58.
224 3215 286 3269 The
308 3214 444 3284 principa]
466 3232 547 3269 cases
567 3215 600 3268 of
617 3214 756 3268 bonorum
776 3212 920 3283 possessio
941 3222 1040 3266 contra
1058 3212 1169 3266 tabulas
1187 3212 1261 3266 have

109 3297 184 3352 been
197 3298 312 3368 already
324 3297 441 3368 pointed
454 3308 502 3353 out
515 3315 552 3352 on
566 3298 617 3352 Bk.
633 3297 658 3351 ii.
678 3312 716 3365 ¹3·
730 3311 746 3365 3
760 3314 835 3366 supr.
873 3294 1039 3349 Possession
1057 3295 1089 3348 os
1097 3294 1188 3363 goods
1203 3312 1261 3349 was

110 3381 243 3436 awarded
256 3398 292 3435 on
307 3380 445 3450 intestacy
455 3391 485 3434 to
498 3381 575 3450 eight
589 3380 718 3434 different
728 3380 834 3433 classes
844 3378 877 3432 of
885 3395 1011 3446 persons,
1022 3377 1051 3431 in
1061 3378 1109 3432 the
1119 3376 1262 3446 following

110 3464 195 3518 order
207 3464 240 3518 of
248 3463 372 3534 priority‚
383 3466 453 3519 each
465 3464 552 3532 being
563 3464 665 3517 known
679 3463 717 3532 by
729 3479 747 3517 a
759 3460 899 3516 technical
914 3477 998 3516 name
1011 3459 1127 3514 derived
1139 3460 1212 3513 from
1225 3459 1262 3514 its

111 3547 194 3617 place
207 3547 236 3602 in
248 3549 298 3602 the
310 3547 404 3603 edict:

149 3629 188 3699 (1)
210 3630 323 3686 Liberi:
342 3648 391 3685 see
403 3646 440 3684 on
453 3628 508 3684 Tit
526 3644 666 3698 1.9supr.

150 3714 189 3783 (2)
211 3713 361 3783 Legitimi:
382 3731 429 3768 see
443 3730 479 3768 on
492 3712 549 3768 Tit.
566 3728 621 3778 2.4
638 3729 713 3782 supr.
752 3713 786 3764 ln
806 3709 969 3765 succession
988 3718 1018 3763 to
1038 3708 1191 3774 freedmen‚
1204 3707 1262 3763 this

110 3797 186 3852 class
205 3796 349 3851 consisted
367 3795 515 3865 originally
527 3797 594 3864 only
607 3796 640 3848 of
653 3796 701 3850 the
720 3804 829 3865 patron,
848 3792 893 3847 his
912 3792 1038 3848 children
1058 3793 1122 3845 who
1138 3791 1195 3845 had
1212 3800 1262 3845 not

111 3879 185 3936 been
198 3880 291 3949 capite
304 3879 413 3948 minuti,
426 3879 484 3934 and
496 3880 545 3934 the
558 3889 705 3947 patroness
719 3896 725 3932 :
745 3878 808 3930 how
825 3876 846 3932 it
859 3892 916 3930 was
930 3875 1065 3930 modified
1078 3875 1117 3943 by
1130 3875 1178 3929 the
1192 3873 1263 3929 SC⁸.

111 3963 317 4018 Tertullianum
330 3963 388 4017 and
402 3962 571 4018 Orfitianum
583 3963 636 4016 has
648 3962 721 4016 been
734 3960 847 4015 noticed
861 3976 897 4013 on
911 3958 981 4013 Tits.
996 3974 1012 4026 3
1024 3958 1082 4013 and
1094 3973 1112 4023 4
1124 3974 1200 4026 supr.

149 4045 189 4114 (3)
210 4048 319 4101 Decem
331 4062 471 4116 personae
485 4064 491 4100 :
511 4045 568 4100 this
581 4047 654 4098 class
667 4046 770 4099 relates
779 4044 846 4112 only
855 4052 885 4096 to
896 4041 1058 4096 succession
1071 4051 1101 4095 to
1114 4057 1151 4094 an
1164 4055 1261 4094 eman·

112 4129 244 4200 eipatus3
263 4130 353 4185 under
364 4131 413 4184 the
426 4129 473 4184 old
488 4131 549 4196 law,
563 4129 644 4182 when
657 4128 705 4183 the
715 4128 781 4181 fmal
795 4136 841 4182 act
858 4126 891 4180 oi
905 4124 1110 4179 manumission
1131 4139 1187 4177 was
1200 4138 1262 4192 per·

111 4212 224 4268 formed
235 4214 274 4284 by
286 4213 334 4269 the
347 4223 515 4268 extraneous
532 4211 640 4267 vendee
654 4212 690 4280 (p.
709 4224 756 4293 137
770 4208 866 4279 supra)
880 4209 928 4263 the
938 4209 1020 4262 latter
1033 4225 1090 4261 was
1102 4204 1263 4276 postponed

112 4297 220 4367 hythe
244 4307 357 4367 praetor
377 4306 407 4352 to
427 4296 465 4351 all
486 4296 534 4350 the
557 4294 732 4349 deceased's·
744 4303 880 4361 cognates
905 4291 933 4345 in
958 4292 1007 4346 the
1027 4289 1184 4360 asoending
1204 4288 1264 4345 and

114 4379 290 4449 descending
302 4380 374 4434 lines
386 4378 483 4433 within
497 4379 546 4434 the
558 4377 665 4432 second
678 4376 788 4446 degree.

151 4461 190 4534 (a)
210 4464 273 4520 The
285 4472 421 4535 cognatos
433 4461 586 4533 according
598 4470 628 4515 to
639 4459 800 4532 proximity,
812 4460 837 4514 T
839 4457 868 4514 it.
883 4468 897 4529 5
911 4473 985 4529 supr.
