2986 5048
233 373 297 440 302
434 362 537 418 INST
536 361 584 416 IT
586 361 642 417 UT
639 354 784 419 IONUM
801 360 920 415 LIBRI
939 358 1176 431 QUATTUOR.
1277 358 1341 427 [Lib.
1352 367 1389 415 11.

204 529 413 610 taliquando
442 526 574 591 heredis
604 525 782 609 aliquando
813 516 965 607 legatarii
988 524 1062 588 loco
1087 523 1282 589 habebatur.
1337 524 1389 588 Et

234 633 267 694 in
289 631 432 694 Neronis
452 630 586 712 quidem
609 629 814 711 temporibus
834 627 1001 691 Trebellio
1020 628 1173 691 Maximo
1192 635 1225 690 et
1240 626 1390 692 Annaeo

235 733 362 798 Seneca
378 733 567 797 consulibus
590 743 723 797 senatus
746 730 932 796 consultum
947 731 1072 796 lactum
1089 741 1151 825 est,
1166 750 1233 814 quo
1249 741 1388 795 cautum

234 849 292 915 est,
309 848 354 916 ut,
370 839 396 901 si
412 836 578 901 hereditas
593 858 636 901 ex
652 835 897 901 fideicommissi
919 855 1018 899 causa
1033 836 1184 900 restituta
1200 836 1252 911 sit,
1268 855 1389 901 omnes

233 943 387 1019 actiones,
405 962 491 1023 quae
514 942 583 1005 iure
605 940 690 1006 civili
716 939 830 1004 heredi
854 949 887 1004 et
910 940 943 1002 in
966 938 1122 1003 heredem
1146 950 1388 1021 competerent,

233 1046 263 1108 ei
288 1055 321 1109 et
346 1046 378 1108 in
405 1065 480 1108 eum
507 1046 672 1119 darentur,
696 1045 747 1108 cui
775 1064 819 1108 ex
844 1043 1099 1107 fideicommisso
1122 1044 1273 1108 restituta
1296 1053 1389 1107 esset

233 1147 409 1212 hereditas.
462 1158 538 1231 post
561 1149 652 1233 quod
679 1159 813 1211 senatus
837 1146 1023 1211 consultum
1050 1156 1182 1229 praetor
1207 1147 1304 1210 utiles
1330 1168 1388 1211 ac-

234 1253 341 1318 tiones
357 1253 386 1316 ei
402 1263 436 1316 et
452 1251 484 1314 in
501 1273 576 1315 eum
599 1252 655 1333 qui
674 1251 797 1334 recepit
817 1250 1035 1315 hereditatem
1058 1251 1150 1332 quasi
1173 1249 1285 1313 heredi
1301 1260 1334 1314 et
1351 1251 1389 1313 in

204 1355 389 1420 5heredem
413 1357 493 1420 dare
523 1355 642 1437 coepit.
699 1354 767 1419 Sed
801 1355 878 1437 quia
908 1353 1046 1417 heredes
1075 1353 1197 1436 scripti,
1224 1374 1300 1417 cum
1326 1366 1388 1419 aut

117 1466 127 1485 ·
234 1468 341 1522 totam
371 1457 590 1523 hereditatem
620 1467 678 1521 aut
708 1476 814 1540 paene
843 1466 950 1522 totam
989 1454 1184 1538 plerumque
1213 1458 1388 1521 restituere

234 1563 443 1645 rogabantur,
458 1562 549 1625 adire
563 1561 782 1625 hereditatem
798 1560 841 1624 ob
858 1559 983 1623 nullum
999 1559 1051 1622 vel
1069 1559 1241 1622 minimum
1257 1560 1387 1623 lucrum

235 1665 430 1729 recusabant
454 1675 555 1748 atque
570 1665 613 1728 ob
629 1665 662 1727 id
679 1663 958 1746 extinguebantur
972 1662 1246 1727 fideicommissa:
1267 1673 1389 1745 postea

233 1768 429 1850 Vespasiani
445 1767 591 1850 Augusti
615 1767 819 1848 temporibus
835 1766 961 1848 Pegaso
984 1775 1017 1829 et
1034 1766 1175 1829 Pusione
1196 1767 1389 1831 consulibus

234 1880 369 1934 senatus
396 1871 532 1940 censuit,
559 1879 597 1934 ut
623 1869 663 1945 ei,
689 1870 744 1952 qui
771 1879 905 1953 rogatus
929 1876 1016 1932 esset
1042 1867 1260 1933 hereditatem
1290 1870 1389 1933 resti·

235 1983 335 2049 tuere,
361 1975 497 2055 perinde
527 1974 640 2037 liceret
666 1981 819 2055 quartam
850 1980 979 2054 partem
1010 1974 1157 2045 retinere,
1185 1983 1287 2055 atque
1310 1973 1388 2055 lege

235 2077 382 2140 Falcidia
405 2097 450 2141 ex
472 2078 591 2159 legatis
613 2077 753 2141 retinere
778 2077 979 2140 conceditur.
1024 2097 1069 2138 ex
1093 2076 1230 2159 singulis
1251 2096 1388 2160 quoque

235 2180 339 2257 rebus,
354 2202 441 2263 quae
461 2201 520 2267 per
538 2181 827 2244 fideicommissum
848 2179 1082 2261 relinquuntur,
1104 2181 1221 2244 eadem
1244 2183 1387 2245 retentio

234 2284 393 2365 permissa
409 2294 469 2349 est.
513 2294 591 2366 post
612 2285 700 2367 quod
723 2293 857 2347 senatus
880 2282 1069 2347 consultum
1088 2283 1158 2365 ipse
1172 2282 1268 2347 heres
1283 2304 1387 2349 onera

233 2386 430 2449 hereditaria
467 2387 670 2451 sustinebat:
712 2386 767 2449 ille
803 2396 926 2464 autem,
955 2387 1011 2468 qui
1049 2407 1093 2450 ex
1131 2385 1387 2452 fideicommisso

234 2491 357 2570 recepit
380 2499 508 2570 partem
531 2490 732 2566 hereditatis,
750 2489 900 2570 legatarii
923 2489 1069 2570 partiarii
1090 2489 1163 2554 loco
1187 2499 1264 2565 erat,
1281 2490 1315 2554 id
1333 2502 1387 2557 est

234 2593 304 2655 eius
320 2591 477 2674 legatarii,
490 2593 541 2656 cui
557 2612 632 2674 pars
648 2593 809 2656 bonorum
822 2591 1003 2674 legabatur.
1042 2612 1128 2674 quae
1143 2593 1268 2676 species
1282 2593 1386 2676 legati

235 2696 368 2777 partitio
397 2696 586 2774 vocabatur,
610 2697 687 2779 quia
716 2716 792 2760 cum
823 2695 945 2760 herede
974 2695 1152 2776 legatarius
1181 2697 1387 2778 partiebatur

234 2797 461 2863 hereditatem.
507 2801 594 2862 unde
612 2820 697 2882 quae
715 2798 867 2862 solebant
883 2799 1113 2880 stipulationes
1128 2801 1214 2862 inter
1227 2799 1385 2865 heredem

236 2912 271 2965 et
297 2903 488 2983 partiarium
515 2903 709 2987 legatarium
737 2903 911 2985 interponi,
930 2904 1066 2966 eaedem
1094 2904 1387 2985 interponebantur

235 3006 321 3067 inter
356 3025 441 3080 eum,
471 3007 527 3088 qui
565 3027 609 3069 ex
643 3005 898 3069 fideicommisso
929 3006 1053 3087 recepit
1090 3005 1318 3082 hereditatem,
1351 3020 1386 3075 et

235 3106 400 3185 heredem,
425 3109 458 3172 id
484 3120 534 3173 est
561 3119 597 3172 ut
621 3118 655 3173 et
677 3109 802 3172 lucrum
828 3120 862 3173 et
885 3110 1045 3172 damnum
1068 3109 1302 3173 hereditarium
1326 3132 1386 3193 pro

205 3221 308 3277 6rata
323 3223 416 3294 parte
439 3213 597 3276 intereos
616 3233 791 3277 commune
814 3215 865 3276 sit.
912 3211 1002 3295 Ergo
1024 3215 1052 3275 si
1074 3214 1208 3296 quidem
1229 3235 1294 3278 non
1311 3216 1387 3297 plus

235 3335 336 3396 quam
354 3315 551 3380 dodrantem
569 3315 764 3381 hereditatis
785 3316 925 3398 scriptus
947 3315 1042 3379 heres
1065 3326 1200 3399 rogatus
1222 3318 1265 3381 sit
1289 3319 1384 3381 resti-

234 3426 335 3491 tuere,
365 3428 445 3482 tunc
474 3440 518 3482 ex
548 3418 760 3483 Trebelliano
797 3428 931 3482 senatus
968 3419 1119 3483 consulto
1150 3422 1386 3485 restituebatur

235 3521 402 3585 hereditas
424 3533 457 3586 et
480 3523 513 3585 in
529 3533 705 3605 utrumque
726 3523 873 3585 actiones
890 3522 1108 3585 hereditariae
1124 3544 1183 3605 pro
1203 3534 1274 3588 rata
1291 3537 1386 3606 parte

236 3624 419 3689 dabantur:
452 3627 485 3688 in
509 3625 665 3688 heredem
689 3626 823 3708 quidem
848 3626 917 3687 iure
946 3625 1040 3699 civili,
1065 3626 1098 3688 in
1129 3647 1204 3689 eum
1228 3648 1305 3691 vero
1330 3631 1386 3711 qui

237 3727 414 3808 recipiebat
436 3726 655 3791 hereditatem
680 3747 723 3790 ex
746 3737 879 3790 senatus
899 3727 1049 3791 consulto
1068 3727 1279 3793 Trebelliano
1300 3739 1385 3794 tam-

235 3852 335 3913 quam
362 3833 395 3894 in
418 3830 584 3894 heredem.
637 3841 673 3895 at
703 3832 730 3894 si
755 3831 829 3913 plus
853 3853 954 3914 quam
979 3833 1175 3896 dodrantem
1201 3834 1254 3898 vel
1285 3837 1386 3900 etiam

235 3944 342 3998 totam
357 3933 577 3998 hereditatem
595 3935 765 3998 restituere
781 3944 916 4016 rogatus
939 3937 989 4009 sit,
1006 3935 1098 3999 locus
1117 3946 1187 4000 erat
1203 3937 1387 4019 Pegasiano

236 4048 370 4101 senatus
393 4038 552 4114 consulto,
581 4047 614 4100 et
638 4038 742 4115 heres,
759 4039 816 4120 qui
840 4037 943 4102 semel
967 4039 1084 4102 adierit
1109 4038 1336 4120 hereditatem,
1360 4043 1386 4106 si

237 4143 337 4204 modo
362 4162 422 4203 sua
446 4140 619 4205 voluntate
645 4141 771 4215 adierit,
793 4142 862 4204 sive
889 4142 1058 4205 retinuerit
1083 4153 1235 4225 quartam
1258 4154 1387 4226 partem

273 4374 304 4446 ἕξ
318 4381 386 4431 4-6.
405 4379 467 4432 The
481 4378 535 4432 SC.
549 4376 767 4445 Trebellianum,
780 4389 844 4431 Μ).
858 4378 901 4445 62,
915 4395 972 4432 was
990 4378 1129 4447 designed
1148 4378 1176 4433 in
1190 4379 1273 4435 order
1284 4391 1316 4436 to
1331 4381 1387 4437 dis·

236 4475 324 4530 pense
337 4459 404 4514 with
416 4460 464 4515 the
476 4462 585 4528 clumsy
593 4476 708 4529 process
722 4460 755 4514 os
764 4459 896 4515 fictitious
909 4461 969 4516 sale
981 4460 1039 4516 and
1052 4462 1100 4518 the
1113 4462 1293 4532 stipulations
1306 4466 1387 4537 quasi
