2986 5048
117 385 216 452 Tito]
515 386 577 440 DE
597 384 864 441 ACTIONIBUS.
1200 395 1265 465 529

162 551 322 617 Omnium
345 553 523 628 actionum,
539 554 658 636 quibus
676 554 761 618 inter
775 554 903 637 aliquos
922 556 1011 637 apud
1032 554 1157 619 iudices
1177 556 1292 621 arbi-l

117 666 226 720 trosve
241 657 291 721 ‚de
314 678 446 740 quaque
461 679 495 721 re
517 658 694 741 quaeritur,
708 679 840 722 summa
860 659 977 722 divisio
1000 660 1032 721 in
1057 660 1123 723 duo
1142 679 1266 742 genera

119 761 308 826 deducitur:
330 771 387 826 aut
406 763 494 824 enim
517 763 549 824 in
572 782 640 825 rem
663 770 740 825 sunt
762 773 821 826 aut
844 763 877 824 in
898 783 1084 844 personam.
1122 782 1266 845 namque

116 865 186 947 agit
202 865 425 947 unusquisque
440 875 498 929 aut
519 886 594 929 cum
614 886 663 940 eo,
680 867 736 947 qui
756 866 784 929 ei
803 866 970 948 obligatus
987 877 1038 930 est
1053 867 1105 930 vel
1121 887 1165 929 ex
1187 886 1265 930 con·

118 978 224 1032 tractu
248 969 300 1032 vel
331 990 375 1034 ex
402 970 574 1045 maleficio,
595 992 662 1053 quo
686 991 763 1034 casu
792 971 943 1053 proditae
964 972 1112 1034 actiones
1135 972 1168 1033 in
1192 990 1266 1053 per-

117 1092 234 1135 sonam
258 1083 343 1151 sunt‚
366 1095 425 1157 per
440 1095 523 1156 quas
546 1074 687 1138 intendit
709 1074 933 1137 adversarium
956 1074 985 1137 ei
1009 1075 1088 1138 dare
1110 1083 1167 1138 aut
1187 1074 1267 1137 dare

118 1175 224 1240 lacere
246 1189 400 1259 oportere
425 1190 458 1243 et
484 1179 557 1242 aliis
579 1179 775 1261 quibusdam
800 1179 926 1242 modis:
949 1188 1007 1243 aut
1026 1199 1100 1243 curn
1124 1200 1164 1242 eo
1185 1179 1265 1261 agit,
1336 1197 1339 1201 ·

118 1282 174 1363 qui
190 1281 281 1344 nullo
299 1282 367 1346 iure
389 1284 418 1346 ei
441 1282 607 1364 obligatus
630 1292 689 1357 est,
712 1292 823 1346 movet
841 1291 953 1346 tamen
976 1282 1072 1345 alicui
1091 1284 1134 1345 de
1154 1282 1267 1364 aliqua

119 1406 153 1449 re
183 1386 448 1451 controversiam.
486 1408 553 1470 quo
579 1407 656 1450 casu
683 1389 834 1468 proditae
855 1388 1003 1451 actiones
1026 1388 1057 1450 in
1086 1406 1155 1449 rem
1180 1396 1264 1449 sunt.

118 1489 217 1553 veluti
245 1493 272 1554 si
298 1511 367 1553 rem
394 1490 598 1573 corporalem
622 1491 791 1572 possideat
813 1491 896 1573 quis,
918 1511 1018 1573 quarn
1040 1490 1148 1553 Titius
1171 1509 1266 1553 suam

120 1615 192 1657 esse
215 1595 365 1673 affirmet,
392 1606 426 1659 et
452 1616 623 1678 possessor
647 1596 818 1658 dominum
849 1616 886 1659 se
911 1616 982 1659 esse
1006 1595 1114 1659 dicat:
1138 1615 1215 1658 nam
1239 1595 1266 1657 si

119 1697 227 1761 Titius
249 1719 343 1762 suam
367 1720 439 1762 esse
463 1699 622 1774 intendat,
639 1700 672 1763 in
694 1720 762 1762 rem
786 1698 873 1762 actio
896 1709 955 1763 est.
1000 1698 1120 1782 Aeque
1138 1699 1165 1762 si
1187 1708 1297 1780 agat2

120 1801 170 1864 ius
193 1802 254 1865 sibi
278 1823 349 1866 esse
372 1801 475 1867 fundo
498 1802 583 1867 lorte
606 1803 659 1866 vel
684 1803 821 1866 aedibus
843 1803 957 1867 utendi
981 1802 1108 1866 fruendi
1129 1802 1183 1866 vel
1208 1823 1268 1884 per

120 1902 257 1969 fundum
270 1906 366 1969 vicini
383 1906 480 1970 eundi
496 1908 617 1989 agendi
629 1907 681 1970 vel
694 1928 737 1970 ex
750 1905 853 1969 fundo
864 1907 961 1969 vicini
977 1927 1098 1989 aquam
1114 1906 1267 1981 ducendi,

121 2010 153 2071 in
170 2029 238 2072 rem
254 2011 341 2074 actio
357 2022 417 2076 est.
447 2013 595 2075 eiusdem
607 2012 736 2095 generis
752 2022 802 2075 est
817 2010 904 2075 actio
915 2013 958 2075 de
973 2012 1042 2075 iure
1058 2012 1268 2093 praediorum

120 2114 328 2192 urbanorum,
346 2114 447 2178 veluti
471 2116 498 2178 si
521 2125 600 2198 agat
623 2116 673 2179 ius
696 2115 757 2178 sibi
781 2135 853 2178 esse
873 2114 971 2178 altius
993 2116 1092 2178 aedes
1111 2136 1187 2178 suas
1205 2114 1269 2180 tol·

121 2216 208 2280 lendi
232 2218 493 2300 prospiciendive
514 2218 567 2283 vel
587 2218 767 2301 proiciendi
787 2218 912 2301 aliquid
934 2217 986 2282 vel
1010 2219 1212 2283 immittendi
1235 2219 1268 2282 in

120 2321 217 2383 vicini
233 2322 342 2386 aedes.
380 2332 494 2386 contra
516 2343 649 2405 quoque
672 2325 714 2386 de
735 2322 917 2386 usufructu
941 2332 974 2386 et
995 2323 1038 2386 de
1058 2322 1270 2387 servitutibus

121 2424 330 2505 praediorum
353 2428 556 2501 rusticorum,
579 2427 659 2490 item
680 2426 888 2509 praediorum
913 2426 1112 2489 urbanorum
1130 2427 1269 2490 invicem

121 2548 253 2611 quoque
274 2530 426 2611 proditae
447 2541 523 2595 sunt
541 2531 697 2609 actiones,
717 2541 753 2595 ut
773 2532 846 2614 quis
868 2530 1018 2594 intendat
1041 2533 1090 2594 ius
1111 2550 1177 2593 non
1197 2550 1269 2595 esse

122 2634 310 2698 adversario
327 2636 441 2699 utendi
457 2635 594 2714 fruendi,
606 2636 703 2699 eundi
718 2636 837 2717 agendi
851 2656 1013 2717 aquamve
1025 2636 1177 2712 ducendi,
1189 2636 1269 2699 item

122 2736 221 2800 altius
237 2738 374 2802 tollendi
384 2738 792 2822 prospiciendiproiciendi
803 2739 1020 2803 immittendi:
1044 2738 1126 2803 istae
1137 2759 1271 2821 quoque

122 2840 270 2905 actiones
296 2842 328 2904 in
352 2864 420 2906 rem
444 2853 529 2920 sunt,
546 2843 604 2906 sed
624 2844 805 2924 negativae.
841 2843 931 2924 quod
948 2863 1053 2925 genus
1075 2841 1212 2906 actionis
1236 2843 1270 2904 in

122 2947 351 3010 controversiis
367 2968 473 3010 rerum
487 2949 704 3030 corporalium
718 2947 884 3029 proditum
901 2966 967 3009 non
983 2955 1051 3010 est:
1076 2966 1153 3009 nam
1170 2946 1203 3008 in
1218 2944 1271 3008 his

123 3048 150 3111 is
171 3049 241 3132 agit
263 3050 320 3132 qui
344 3072 407 3114 non
431 3051 598 3132 possidet:
628 3052 657 3114 ei
674 3072 752 3114 vero
774 3051 829 3132 qui
854 3050 1000 3132 possidet
1022 3071 1086 3113 non
1111 3061 1161 3114 est
1183 3048 1271 3113 actio

122 3154 262 3235 prodita,
279 3174 451 3236 perquam
469 3163 567 3237 neget
589 3175 657 3217 rem
679 3155 800 3217 actoris
820 3174 902 3217 esse.
940 3174 1019 3217 sane
1040 3175 1106 3217 uno
1122 3174 1198 3217 casu
1215 3153 1270 3235 qui

122 3256 270 3339 possidet
285 3257 387 3321 nihilo
404 3259 512 3321 minus
527 3259 647 3322 actoris
662 3268 774 3340 partes
792 3257 931 3339 optinet,
948 3258 1032 3321 sicut
1053 3258 1085 3320 in
1101 3256 1273 3321 latioribus

158 3442 173 3508 §
187 3445 211 3496 1.
230 3444 293 3497 The
306 3442 469 3498 distinction
479 3445 512 3498 oi
520 3444 629 3498 actions
640 3444 700 3499 into
712 3445 770 3499 real
783 3444 841 3498 and
853 3444 983 3513 personal
997 3443 1020 3497 is
1033 3444 1124 3499 based
1136 3443 1164 3497 in
1181 3442 1272 3511 origin

123 3541 160 3579 on
173 3526 325 3581 difference
337 3527 370 3580 oi
384 3526 504 3582 formula
518 3529 672 3595 (Excursus
688 3528 715 3581 X
729 3528 797 3597 ini),
810 3538 840 3582 to
853 3526 944 3581 which
963 3527 1042 3581 there
1062 3526 1085 3581 is
1103 3544 1140 3581 an
1153 3526 1274 3582 obvious

123 3609 265 3664 reference
279 3609 306 3664 in
320 3610 483 3680 Justinian’s
497 3610 588 3665 words
602 3610 740 3666 ‘intendit
754 3652 760 3666 .
775 3611 882 3665 ..dare
900 3611 993 3664 iacere
1012 3612 1158 3679 oportere,'
1171 3609 1272 3679 ι(τεειῐι)

123 3708 204 3747 suam
222 3710 286 3749 esse
306 3693 450 3762 intendat‚’
463 3694 562 3759 which,
576 3695 714 3763 however,
728 3695 801 3750 have
820 3712 857 3749 no
876 3693 1015 3749 technical
1035 3693 1170 3764 meaning
1182 3694 1210 3748 in
1224 3695 1273 3750 the

123 3786 189 3845 text,
202 3777 252 3832 but
271 3779 378 3846 merely
390 3778 519 3833 describe
537 3778 566 3832 in
584 3779 698 3848 general
718 3788 804 3833 terms
823 3778 872 3833 the
889 3776 1032 3848 plaintiti's
1051 3777 1223 3846 contention,
1241 3794 1273 3833 as

123 3860 276 3929 expressed
294 3860 322 3914 in
342 3861 390 3916 the
402 3860 513 3915 libellus
525 3861 729 3930 conventionis,
742 3877 775 3916 or
786 3860 846 3916 writ
859 3860 892 3915 oi
906 3875 1053 3915 summons
1070 3860 1108 3928 by
1120 3860 1212 3914 which
1224 3861 1273 3915 the

123 3942 217 3996 action
231 3960 288 3997 was
301 3944 497 4000 commenced.
536 3945 627 3999 Other
639 3943 815 4008 differences,
828 3961 853 3999 e.
861 3961 888 4013 g.
903 3943 931 3997 in
944 3943 1108 4013 procedure,
1117 3942 1174 3997 and
1185 3943 1213 3996 in
1224 3943 1273 3998 the

123 4036 222 4079 nature
235 4027 268 4079 oi
282 4027 330 4081 the
348 4026 470 4096 security
482 4037 512 4082 to
526 4027 562 4082 be
580 4027 664 4096 given
683 4028 721 4096 by
734 4028 782 4082 the
795 4027 899 4097 parties
913 4027 979 4095 (Tit
996 4041 1025 4080 11
1040 4024 1109 4094 ini),
1123 4027 1195 4081 have
1208 4042 1272 4080 now
1337 4080 1341 4091 ,

123 4107 320 4178 disappeared,
333 4110 392 4164 and
404 4127 421 4164 a
433 4110 491 4166 real
505 4111 600 4165 differs
613 4111 685 4164 from
698 4128 715 4165 a
734 4111 866 4181 personal
878 4109 973 4165 action
986 4110 1053 4179 only
1070 4109 1098 4164 in
1111 4110 1160 4165 the
1173 4118 1273 4164 nature

124 4189 156 4244 ot'
165 4193 213 4247 the
226 4191 298 4262 right
312 4193 355 4247 sor
367 4194 462 4248 whose
474 4193 632 4264 protection
646 4194 666 4248 it
680 4193 704 4247 is
717 4194 838 4264 brought
851 4213 856 4249 :
875 4194 924 4249 the
934 4192 1094 4263 opposition
1107 4192 1131 4247 is
1144 4191 1273 4247 material

124 4275 199 4343 only,
212 4287 261 4331 not
274 4277 383 4332 formal.
421 4278 447 4331 lt
461 4277 514 4332 will
528 4278 563 4332 be
576 4277 664 4331 found
677 4278 738 4332 that
752 4276 780 4331 in
795 4275 809 4348 §
822 4292 857 4331 20
869 4276 917 4332 ins.
930 4275 1071 4347 Justinian
1085 4275 1241 4345 interpuses
1254 4293 1272 4330 a

123 4352 199 4408 third
218 4355 456 4412 class-actiones
473 4355 742 4412 mixtae-between
762 4356 871 4411 actions
884 4355 976 4409 which
988 4372 1036 4410 are
1049 4356 1107 4410 real
1120 4353 1177 4409 and
1190 4354 1273 4409 those

124 4436 216 4491 which
228 4455 276 4493 are
288 4439 429 4510 personal.

161 4518 219 4593 §2
238 4522 296 4577 For
314 4522 363 4579 the
382 4522 472 4594 rights
490 4532 521 4578 to
540 4521 631 4578 which
648 4523 697 4577 the
715 4523 855 4581 remedies
873 4522 1022 4580 described
1042 4521 1071 4578 in
1090 4520 1146 4578 this
1164 4520 1272 4579 section

658 4623 739 4677 um
