2986 5048
169 339 230 422 278
370 344 721 402 INSTITUTIONUM
737 343 856 400 LIBRI
875 343 1112 416 QUATTUOR.
1211 344 1281 414 [Lib.
1295 354 1331 404 11.

166 510 262 575 heres
277 520 479 576 testamento
494 509 665 576 institutus
676 520 735 574 aut
746 509 789 574 ab
801 509 959 574 intestato
971 511 1014 574 ad
1026 509 1211 593 legitimam
1228 512 1329 578 here-

168 615 307 679 ditatem
324 624 460 678 vocatus
475 624 586 698 potest
601 623 660 677 aut
674 634 734 696 pro
750 613 871 677 herede
882 613 1030 695 gerendo
1040 613 1092 677 vel
1112 616 1214 686 etiam
1231 619 1328 681 nuda

167 717 338 782 voluntate
368 718 596 799 suscipiendae
625 716 819 781 hereditatis
847 716 942 781 heres
973 715 1054 780 fieri.
1105 738 1166 801 pro
1195 718 1327 784 herede

165 830 279 883 autem
295 840 408 902 gerere
423 821 497 902 quis
508 821 645 892 videtur,
660 820 687 883 si
703 819 800 883 rebus
815 818 1021 884 hereditariis
1036 829 1209 904 tamquam
1224 823 1326 890 heres

166 933 279 987 utatur
297 923 349 986 vel
372 923 548 987 vendendo
570 943 621 986 res
639 921 853 986 hereditarias
876 932 934 986 aut
954 924 1090 1006 praedia
1110 925 1251 990 colendo
1271 927 1326 991 lo-

166 1026 314 1090 candove
337 1036 371 1090 et
392 1047 527 1109 quoquo
547 1026 648 1089 modo
667 1027 693 1088 si
709 1025 914 1090 voluntatem
936 1045 1030 1089 suam
1049 1027 1196 1093 declaret
1209 1029 1263 1092 vel
1288 1052 1325 1095 re

166 1128 218 1192 vel
234 1130 341 1196 verbis
355 1130 398 1195 de
413 1129 566 1193 adeunda
580 1128 773 1206 hereditate,
784 1129 966 1192 dummodo
982 1130 1065 1193 sciat
1081 1150 1167 1207 eum,
1178 1133 1210 1194 in
1226 1135 1325 1198 cuius

166 1231 262 1295 bonis
289 1253 349 1315 pro
373 1232 494 1297 herede
517 1233 611 1314 gerit,
636 1242 759 1297 testato
790 1233 990 1296 intestatove
1016 1234 1138 1296 obiisse
1163 1244 1198 1299 et
1222 1256 1260 1299 se
1290 1239 1324 1302 ei

167 1335 324 1400 heredem
340 1358 422 1402 esse.
457 1357 517 1420 pro
535 1335 657 1400 herede
672 1339 760 1399 enim
772 1355 886 1417 gerere
902 1346 952 1401 est
962 1357 1021 1419 pro
1037 1337 1173 1402 domino
1188 1359 1323 1423 gerere:

167 1451 294 1506 veteres
317 1442 405 1504 enim
429 1440 568 1505 heredes
592 1462 652 1524 pro
674 1441 817 1505 dominis
840 1440 1063 1523 appellabant.
1098 1443 1183 1507 sicut
1205 1455 1323 1510 autem

167 1544 256 1612 nuda
267 1544 438 1609 voluntate
450 1554 628 1608 extraneus
642 1544 738 1608 heres
754 1543 800 1617 fit,
811 1544 857 1609 ita
869 1553 903 1607 et
918 1546 1080 1608 contraria
1096 1546 1325 1613 destinatione

167 1648 281 1711 statim
304 1648 347 1710 ab
369 1647 553 1711 hereditate
576 1647 755 1730 repellitur.
793 1667 878 1724 eum,
903 1649 960 1729 qui
988 1658 1099 1712 mutus
1120 1649 1173 1712 vel
1201 1652 1324 1715 surdus

166 1760 263 1813 natus
278 1759 329 1814 est
343 1749 395 1814 vel
412 1761 527 1832 postea
541 1749 655 1825 factus,
672 1749 753 1813 nihil
768 1750 921 1832 prohibet
939 1772 998 1834 pro
1016 1749 1138 1814 herede
1152 1773 1268 1835 gerere
1287 1766 1323 1821 et

166 1852 337 1935 adquirere
351 1854 415 1918 sibi
429 1852 656 1932 hereditatem,
671 1856 698 1918 si
714 1864 826 1919 tamen
842 1854 1005 1936 intellegit
1019 1856 1109 1936 quod
1125 1856 1246 1938 agitur.

703 2099 781 2169 XX.

623 2277 672 2328 na
696 2276 862 2328 caelus,

212 2424 292 2489 Post
307 2424 390 2491 haec
405 2426 575 2491 videamus
591 2426 634 2491 de
657 2425 783 2509 legatis.
828 2445 914 2509 quae
929 2447 1005 2509 pars
1027 2428 1105 2492 iuris
1128 2438 1224 2494 extra
1243 2452 1322 2514 pro·

167 2529 311 2611 positam
327 2530 462 2613 quidem
478 2531 651 2594 materiam
668 2532 817 2595 videtur:
841 2551 918 2594 nam
935 2530 1100 2614 loquimur
1115 2534 1158 2596 de
1172 2532 1224 2597 his
1239 2535 1321 2600 iuris

167 2631 287 2714 liguris,
302 2634 421 2716 quibus
446 2655 505 2717 per
527 2635 773 2699 universitatem
797 2654 848 2697 res
871 2634 967 2697 nobis
986 2635 1213 2717 adquiruntur.
1259 2641 1320 2704 sed

164 2755 240 2799 cum
259 2738 394 2802 omnino
416 2739 459 2802 de
477 2739 687 2803 testamentis
708 2739 816 2820 deque
836 2737 1011 2802 heredibus
1031 2739 1087 2821 qui
1110 2749 1318 2807 testamento

165 2840 380 2907 instituuntur
394 2844 495 2907 locuti
510 2864 633 2918 sumus,
650 2864 716 2907 non
737 2843 807 2905 sine
829 2862 928 2905 causa
950 2845 1100 2926 sequenti
1117 2843 1190 2908 loco
1206 2856 1320 2927 potest

166 2945 248 3010 haec
264 2946 342 3011 iuris
358 2947 496 3010 materia
511 2949 656 3013 tractari.

166 3127 348 3197 inheritance,
362 3129 469 3200 though
487 3130 583 3185 before
600 3131 648 3185 the
667 3130 803 3186 abolition
822 3130 855 3184 of
870 3131 1009 3186 cretiones
1024 3133 1102 3200 (note
1119 3149 1155 3187 on
1170 3131 1184 3203 ξ
1201 3146 1214 3203 5
1229 3134 1318 3203 supr.)

166 3212 302 3266 aformal
322 3223 494 3282 acceptance
516 3213 606 3283 might
628 3214 701 3270 have
722 3214 795 3268 been
815 3213 946 3284 required
967 3215 1006 3285 by
1022 3217 1071 3270 the
1090 3226 1217 3270 testator.
1253 3219 1318 3272 The

165 3313 243 3351 mere
262 3295 401 3351 intention
422 3307 452 3350 to
474 3307 582 3366 accept,
600 3296 737 3367 provided
756 3297 776 3352 it
796 3314 853 3352 was
875 3297 1031 3354 evidenced
1049 3300 1087 3368 by
1100 3299 1192 3355 words
1210 3316 1242 3354 or
1255 3310 1318 3355 acts

166 3378 230 3449 (pro
249 3380 354 3435 herede
373 3380 487 3450 gestio),
505 3398 562 3435 was
584 3381 730 3436 sufficient.
771 3383 796 3435 lt
816 3381 906 3451 might
928 3392 986 3450 not,
1007 3382 1145 3451 however,
1165 3384 1201 3437 be
1214 3383 1318 3453 partia]

166 3465 186 3533 (‘
196 3462 245 3518 sed
265 3472 293 3516 et
310 3462 333 3517 si
351 3462 414 3533 quis
427 3480 461 3517 ex
474 3463 599 3532 pluribus
612 3463 739 3534 partibus
755 3463 783 3517 in
799 3463 927 3518 eiusdem
942 3464 1099 3520 hereditate
1113 3464 1257 3521 institutus
1271 3467 1317 3536 sit,

164 3564 221 3601 non
234 3556 328 3618 potest
341 3546 480 3617 quasdam
494 3557 588 3617 partes
601 3547 758 3618 repudiare,
771 3548 910 3618 quasdam
923 3551 1092 3617 agnoscere’
1107 3549 1173 3619 Dig.
1187 3563 1230 3617 29.
1240 3564 1263 3604 2.
1280 3551 1317 3619 2),

164 3646 196 3684 or
208 3629 390 3698 conditional,
403 3631 447 3684 for
463 3629 627 3685 hereditatis
647 3630 735 3685 aditio
753 3647 811 3685 was
830 3648 866 3684 an
886 3642 966 3686 actus
986 3631 1148 3702 legitimus:
1167 3632 1237 3687 ‘sed
1250 3642 1279 3688 et
1292 3633 1316 3688 si

164 3712 226 3783 quis
240 3712 280 3767 ita
292 3712 401 3782 dixerit,
414 3713 437 3767 si
452 3713 588 3769 solvendo
604 3714 747 3776 hereditas
766 3723 818 3782 est,
837 3714 910 3768 adeo
929 3715 1125 3784 hereditatem,
1138 3717 1214 3770 nulla
1226 3715 1317 3771 aditio

164 3798 222 3851 est'
236 3796 300 3864 Dig.
315 3795 353 3851 ib.
368 3809 407 3865 51.
422 3812 447 3851 2.
485 3798 547 3851 Nor
568 3797 652 3851 could
674 3796 762 3851 aditio
780 3797 859 3852 itself
877 3797 913 3852 be
935 3799 1020 3853 made
1042 3816 1079 3852 on
1102 3799 1201 3853 behalf
1215 3800 1250 3853 of
1267 3801 1317 3855 the

164 3879 307 3934 institutus
320 3879 358 3947 by
371 3896 407 3935 an
421 3889 520 3949 agent:
538 3879 708 3949 ‘respondit,
718 3897 768 3949 per
781 3890 990 3949 procuratorem
1004 3881 1191 3936 hereditatem
1204 3882 1316 3952 adquiri

163 3979 221 4017 non
235 3964 334 4033 posse'
348 3961 414 4032 Dig.
428 3962 464 4018 ib.
479 3978 522 4032 90,
535 3963 643 4032 though
655 3963 713 4017 this
726 3964 785 4017 rule
798 3963 938 4018 admitted
953 3964 986 4018 of
998 3965 1161 4034 exceptions
1174 3964 1204 4018 in
1217 3966 1317 4021 favour

165 4049 197 4104 of
209 4049 318 4119 juristic
337 4065 465 4119 persons,
480 4049 547 4119 Dig.
560 4049 603 4117 36.
620 4065 642 4103 1.
655 4049 679 4105 6.
693 4064 718 4119 4,
733 4049 846 4119 infants,
861 4051 931 4105 Cod.
944 4051 969 4106 6.
984 4067 1027 4120 30.
1043 4053 1083 4108 18.
1096 4069 1146 4122 pr.,
1160 4052 1218 4107 and
1233 4055 1317 4109 those

164 4132 197 4187 of
211 4132 291 4187 weak
310 4132 443 4200 intellect,
460 4134 531 4188 Cod.
549 4147 573 4202 5.
589 4146 613 4199 7.
631 4146 672 4199 70.
692 4151 742 4203 pr.‚
760 4135 817 4188 and
835 4135 884 4189 the
903 4134 1076 4190 declaration
1096 4135 1128 4190 of
1143 4146 1316 4205 acceptance

165 4216 255 4286 might
272 4215 308 4270 be
327 4217 412 4271 made
430 4217 469 4286 by
485 4234 522 4271 an
541 4226 626 4286 agent
645 4218 758 4286 always,
773 4217 837 4287 Dig.
852 4218 893 4286 36.
911 4233 933 4274 1.
946 4218 988 4287 65.
1003 4233 1027 4286 3.
1065 4219 1167 4274 Before
1179 4219 1285 4274 delatio
1298 4238 1316 4275 a

163 4315 266 4369 person
292 4300 376 4354 could
400 4310 450 4355 not
474 4300 544 4354 bind
569 4299 685 4355 himself
706 4302 744 4370 by
765 4301 856 4356 either
877 4312 1050 4372 acceptance
1074 4319 1106 4364 or
1126 4302 1315 4373 repudiation,

165 4381 232 4452 Dig.
255 4397 295 4451 29.
318 4398 343 4436 2.
369 4397 407 4450 17.
433 4399 455 4451 1,
475 4383 525 4438 but
553 4383 625 4439 after
649 4383 754 4439 delatio
778 4384 868 4440 either
890 4385 1116 4455 determination,
1139 4386 1220 4442 when
1243 4403 1333 4453 once¹

156 4463 340 4536 ,manifested
359 4483 415 4522 was
434 4466 615 4537 irrevocable,
630 4468 700 4524 Cod.
713 4468 737 4523 6.
752 4482 795 4537 31.
