<?xml version="1.0" encoding="UTF-8"?>
<!DOCTYPE html PUBLIC "-//W3C//DTD XHTML 1.0 Transitional//EN"
    "http://www.w3.org/TR/xhtml1/DTD/xhtml1-transitional.dtd">
<html xmlns="http://www.w3.org/1999/xhtml" xml:lang="en" lang="en">
 <head>
  <title>
</title>
<meta http-equiv="Content-Type" content="text/html;charset=utf-8" />
  <meta name='ocr-system' content='tesseract 3.04.00' />
  <meta name='ocr-capabilities' content='ocr_page ocr_carea ocr_par ocr_line ocrx_word'/>
</head>
<body>
  <div class='ocr_page' id='page_1' title='image "./imperatorisiust00goog_0538.png"; bbox 0 0 2986 5048; ppageno 0'>
   <div class='ocr_carea' id='block_1_1' title="bbox 117 367 1263 445">
    <p class='ocr_par' dir='ltr' id='par_1_1' title="bbox 117 367 1263 445">
     <span class='ocr_line' id='line_1_1' title="bbox 117 367 1263 445; baseline 0 -18"><span class='ocrx_word' id='word_1_1' title='bbox 117 378 165 428; x_wconf 82' lang='lat' dir='ltr'>Tit.</span> <span class='ocrx_word' id='word_1_2' title='bbox 176 372 212 441; x_wconf 85' lang='lat'>5.]</span> <span class='ocrx_word' id='word_1_3' title='bbox 256 370 318 425; x_wconf 86' lang='lat' dir='ltr'>DE</span> <span class='ocrx_word' id='word_1_4' title='bbox 340 368 699 427; x_wconf 80' lang='lat' dir='ltr'><em>OBLIGATIONIBUS</em></span> <span class='ocrx_word' id='word_1_5' title='bbox 722 367 837 439; x_wconf 83' lang='lat' dir='ltr'><em>QUAE</em></span> <span class='ocrx_word' id='word_1_6' title='bbox 859 368 995 440; x_wconf 83' lang='lat' dir='ltr'><em>QUASI,</em></span> <span class='ocrx_word' id='word_1_7' title='bbox 1018 368 1109 425; x_wconf 83' lang='lat' dir='ltr'><em>ETC.</em></span> <span class='ocrx_word' id='word_1_8' title='bbox 1199 373 1263 445; x_wconf 79' lang='lat'>525</span> 
     </span>
    </p>
   </div>
   <div class='ocr_carea' id='block_1_2' title="bbox 116 623 1263 864">
    <p class='ocr_par' dir='ltr' id='par_1_2' title="bbox 116 623 1263 864">
     <span class='ocr_line' id='line_1_2' title="bbox 670 623 711 687; baseline -0.024 0"><span class='ocrx_word' id='word_1_9' title='bbox 670 623 711 687; x_wconf 93' lang='lat' dir='ltr'>V.</span> 
     </span>
     <span class='ocr_line' id='line_1_3' title="bbox 116 799 1263 864; baseline 0.002 -12"><span class='ocrx_word' id='word_1_10' title='bbox 116 803 167 852; x_wconf 90' lang='lat' dir='ltr'>DE</span> <span class='ocrx_word' id='word_1_11' title='bbox 187 801 500 854; x_wconf 79' lang='lat' dir='ltr'>OBLIGATIONIBUS</span> <span class='ocrx_word' id='word_1_12' title='bbox 521 800 624 864; x_wconf 86' lang='lat' dir='ltr'><strong>QUAE</strong></span> <span class='ocrx_word' id='word_1_13' title='bbox 645 799 757 863; x_wconf 85' lang='lat' dir='ltr'><strong>QUASI</strong></span> <span class='ocrx_word' id='word_1_14' title='bbox 779 802 829 851; x_wconf 88' lang='lat' dir='ltr'>EX</span> <span class='ocrx_word' id='word_1_15' title='bbox 847 803 1009 854; x_wconf 84' lang='lat' dir='ltr'><strong>DELICTO</strong></span> <span class='ocrx_word' id='word_1_16' title='bbox 1025 802 1263 855; x_wconf 78' lang='lat' dir='ltr'><strong>NASCUNTUR.</strong></span> 
     </span>
    </p>
   </div>
   <div class='ocr_carea' id='block_1_3' title="bbox 115 949 1294 2694">
    <p class='ocr_par' dir='ltr' id='par_1_3' title="bbox 115 949 1294 2694">
     <span class='ocr_line' id='line_1_4' title="bbox 161 949 1264 1035; baseline -0.003 -16"><span class='ocrx_word' id='word_1_17' title='bbox 161 955 198 1020; x_wconf 83' lang='lat' dir='ltr'>Si</span> <span class='ocrx_word' id='word_1_18' title='bbox 220 954 323 1017; x_wconf 88' lang='lat' dir='ltr'>iudex</span> <span class='ocrx_word' id='word_1_19' title='bbox 338 953 430 1015; x_wconf 89' lang='lat' dir='ltr'>litem</span> <span class='ocrx_word' id='word_1_20' title='bbox 446 971 539 1013; x_wconf 90' lang='lat' dir='ltr'>suam</span> <span class='ocrx_word' id='word_1_21' title='bbox 555 949 677 1026; x_wconf 86' lang='lat' dir='ltr'>fecerit,</span> <span class='ocrx_word' id='word_1_22' title='bbox 694 971 760 1014; x_wconf 93' lang='lat' dir='ltr'>non</span> <span class='ocrx_word' id='word_1_23' title='bbox 783 954 913 1035; x_wconf 85' lang='lat' dir='ltr'>proprie</span> <span class='ocrx_word' id='word_1_24' title='bbox 934 975 978 1018; x_wconf 88' lang='lat' dir='ltr'>ex</span> <span class='ocrx_word' id='word_1_25' title='bbox 1000 953 1163 1019; x_wconf 91' lang='lat' dir='ltr'>maleficio</span> <span class='ocrx_word' id='word_1_26' title='bbox 1179 952 1264 1019; x_wconf 93' lang='lat' dir='ltr'>obli-</span> 
     </span>
     <span class='ocr_line' id='line_1_5' title="bbox 115 1055 1264 1141; baseline -0.001 -19"><span class='ocrx_word' id='word_1_27' title='bbox 115 1067 213 1141; x_wconf 88' lang='lat' dir='ltr'>gatus</span> <span class='ocrx_word' id='word_1_28' title='bbox 231 1058 371 1121; x_wconf 91' lang='lat' dir='ltr'>videtur.</span> <span class='ocrx_word' id='word_1_29' title='bbox 409 1055 467 1119; x_wconf 93' lang='lat' dir='ltr'>sed</span> <span class='ocrx_word' id='word_1_30' title='bbox 488 1055 565 1135; x_wconf 91' lang='lat' dir='ltr'>quia</span> <span class='ocrx_word' id='word_1_31' title='bbox 587 1074 693 1135; x_wconf 92' lang='lat' dir='ltr'>neque</span> <span class='ocrx_word' id='word_1_32' title='bbox 716 1077 759 1118; x_wconf 86' lang='lat' dir='ltr'>ex</span> <span class='ocrx_word' id='word_1_33' title='bbox 782 1066 952 1121; x_wconf 91' lang='lat' dir='ltr'>contractu</span> <span class='ocrx_word' id='word_1_34' title='bbox 973 1058 1139 1140; x_wconf 89' lang='lat' dir='ltr'>obligatus</span> <span class='ocrx_word' id='word_1_35' title='bbox 1157 1068 1207 1122; x_wconf 92' lang='lat' dir='ltr'>est</span> <span class='ocrx_word' id='word_1_36' title='bbox 1230 1065 1264 1121; x_wconf 89' lang='lat' dir='ltr'>et</span> 
     </span>
     <span class='ocr_line' id='line_1_6' title="bbox 116 1156 1265 1244; baseline -0.004 -19"><span class='ocrx_word' id='word_1_37' title='bbox 116 1163 231 1243; x_wconf 90' lang='lat' dir='ltr'>utique</span> <span class='ocrx_word' id='word_1_38' title='bbox 254 1179 408 1243; x_wconf 88' lang='lat' dir='ltr'>peccasse</span> <span class='ocrx_word' id='word_1_39' title='bbox 428 1156 552 1238; x_wconf 90' lang='lat' dir='ltr'>aliquid</span> <span class='ocrx_word' id='word_1_40' title='bbox 577 1157 786 1240; x_wconf 90' lang='lat' dir='ltr'>intellegitur,</span> <span class='ocrx_word' id='word_1_41' title='bbox 809 1159 884 1223; x_wconf 88' lang='lat' dir='ltr'>licet</span> <span class='ocrx_word' id='word_1_42' title='bbox 906 1181 965 1244; x_wconf 94' lang='lat' dir='ltr'>per</span> <span class='ocrx_word' id='word_1_43' title='bbox 987 1161 1265 1243; x_wconf 87' lang='lat' dir='ltr'><strong>imprudentiam:</strong></span> 
     </span>
     <span class='ocr_line' id='line_1_7' title="bbox 116 1260 1265 1346; baseline -0.001 -18"><span class='ocrx_word' id='word_1_44' title='bbox 116 1265 193 1329; x_wconf 92' lang='lat' dir='ltr'>ideo</span> <span class='ocrx_word' id='word_1_45' title='bbox 207 1265 337 1327; x_wconf 90' lang='lat' dir='ltr'>videtur</span> <span class='ocrx_word' id='word_1_46' title='bbox 351 1263 445 1343; x_wconf 90' lang='lat' dir='ltr'>quasi</span> <span class='ocrx_word' id='word_1_47' title='bbox 461 1282 505 1323; x_wconf 88' lang='lat' dir='ltr'>ex</span> <span class='ocrx_word' id='word_1_48' title='bbox 521 1260 681 1324; x_wconf 84' lang='lat' dir='ltr'>maleficio</span> <span class='ocrx_word' id='word_1_49' title='bbox 701 1264 814 1338; x_wconf 89' lang='lat' dir='ltr'>teneri,</span> <span class='ocrx_word' id='word_1_50' title='bbox 830 1274 863 1327; x_wconf 95' lang='lat' dir='ltr'>et</span> <span class='ocrx_word' id='word_1_51' title='bbox 888 1264 920 1326; x_wconf 90' lang='lat' dir='ltr'>in</span> <span class='ocrx_word' id='word_1_52' title='bbox 940 1273 1100 1346; x_wconf 90' lang='lat' dir='ltr'>quantum</span> <span class='ocrx_word' id='word_1_53' title='bbox 1116 1265 1159 1328; x_wconf 93' lang='lat' dir='ltr'>de</span> <span class='ocrx_word' id='word_1_54' title='bbox 1174 1284 1214 1327; x_wconf 90' lang='lat' dir='ltr'>ea</span> <span class='ocrx_word' id='word_1_55' title='bbox 1230 1284 1265 1327; x_wconf 89' lang='lat' dir='ltr'>re</span> 
     </span>
     <span class='ocr_line' id='line_1_8' title="bbox 116 1365 1294 1451; baseline -0.003 -17"><span class='ocrx_word' id='word_1_56' title='bbox 116 1389 261 1451; x_wconf 93' lang='lat' dir='ltr'>aequum</span> <span class='ocrx_word' id='word_1_57' title='bbox 274 1366 421 1448; x_wconf 84' lang='lat' dir='ltr'>religioni</span> <span class='ocrx_word' id='word_1_58' title='bbox 433 1365 607 1429; x_wconf 91' lang='lat' dir='ltr'>iudicantis</span> <span class='ocrx_word' id='word_1_59' title='bbox 618 1366 790 1440; x_wconf 91' lang='lat' dir='ltr'>videbitur,</span> <span class='ocrx_word' id='word_1_60' title='bbox 804 1387 946 1449; x_wconf 90' lang='lat' dir='ltr'>poenam</span> <span class='ocrx_word' id='word_1_61' title='bbox 963 1368 1147 1432; x_wconf 87' lang='lat' dir='ltr'>sustinebit.</span> <span class='ocrx_word' id='word_1_62' title='bbox 1176 1369 1263 1432; x_wconf 89' lang='lat' dir='ltr'><strong>Item</strong></span> <span class='ocrx_word' id='word_1_63' title='bbox 1281 1369 1294 1423; x_wconf 97' lang='lat' dir='ltr'>l</span> 
     </span>
     <span class='ocr_line' id='line_1_9' title="bbox 117 1468 1264 1553; baseline -0.003 -16"><span class='ocrx_word' id='word_1_64' title='bbox 117 1473 154 1551; x_wconf 91' lang='lat' dir='ltr'>is,</span> <span class='ocrx_word' id='word_1_65' title='bbox 177 1494 221 1536; x_wconf 87' lang='lat' dir='ltr'>ex</span> <span class='ocrx_word' id='word_1_66' title='bbox 244 1473 335 1536; x_wconf 89' lang='lat' dir='ltr'>cuius</span> <span class='ocrx_word' id='word_1_67' title='bbox 357 1468 515 1534; x_wconf 91' lang='lat' dir='ltr'>cenaculo</span> <span class='ocrx_word' id='word_1_68' title='bbox 536 1468 589 1532; x_wconf 91' lang='lat' dir='ltr'>vel</span> <span class='ocrx_word' id='word_1_69' title='bbox 614 1470 745 1552; x_wconf 91' lang='lat' dir='ltr'>proprio</span> <span class='ocrx_word' id='word_1_70' title='bbox 768 1471 870 1553; x_wconf 91' lang='lat' dir='ltr'>ipsius</span> <span class='ocrx_word' id='word_1_71' title='bbox 889 1472 940 1535; x_wconf 92' lang='lat' dir='ltr'>vel</span> <span class='ocrx_word' id='word_1_72' title='bbox 966 1473 1130 1536; x_wconf 92' lang='lat' dir='ltr'>conducto</span> <span class='ocrx_word' id='word_1_73' title='bbox 1152 1472 1204 1535; x_wconf 91' lang='lat' dir='ltr'>vel</span> <span class='ocrx_word' id='word_1_74' title='bbox 1232 1473 1264 1534; x_wconf 94' lang='lat' dir='ltr'>in</span> 
     </span>
     <span class='ocr_line' id='line_1_10' title="bbox 117 1572 1266 1661; baseline -0.002 -20"><span class='ocrx_word' id='word_1_75' title='bbox 117 1599 185 1661; x_wconf 92' lang='lat' dir='ltr'>quo</span> <span class='ocrx_word' id='word_1_76' title='bbox 210 1577 313 1659; x_wconf 89' lang='lat' dir='ltr'>gratis</span> <span class='ocrx_word' id='word_1_77' title='bbox 336 1573 509 1639; x_wconf 86' lang='lat' dir='ltr'>habitabat</span> <span class='ocrx_word' id='word_1_78' title='bbox 535 1572 699 1637; x_wconf 91' lang='lat' dir='ltr'>deiectum</span> <span class='ocrx_word' id='word_1_79' title='bbox 726 1575 907 1639; x_wconf 86' lang='lat' dir='ltr'>effusumve</span> <span class='ocrx_word' id='word_1_80' title='bbox 930 1576 1054 1658; x_wconf 91' lang='lat' dir='ltr'>aliquid</span> <span class='ocrx_word' id='word_1_81' title='bbox 1077 1587 1137 1650; x_wconf 90' lang='lat' dir='ltr'>est,</span> <span class='ocrx_word' id='word_1_82' title='bbox 1160 1576 1206 1639; x_wconf 89' lang='lat' dir='ltr'>ita</span> <span class='ocrx_word' id='word_1_83' title='bbox 1229 1586 1266 1640; x_wconf 93' lang='lat' dir='ltr'>ut</span> 
     </span>
     <span class='ocr_line' id='line_1_11' title="bbox 117 1672 1265 1761; baseline -0.001 -17"><span class='ocrx_word' id='word_1_84' title='bbox 117 1681 215 1744; x_wconf 92' lang='lat' dir='ltr'>alicui</span> <span class='ocrx_word' id='word_1_85' title='bbox 231 1688 410 1753; x_wconf 87' lang='lat' dir='ltr'>noceretur,</span> <span class='ocrx_word' id='word_1_86' title='bbox 421 1676 515 1759; x_wconf 91' lang='lat' dir='ltr'>quasi</span> <span class='ocrx_word' id='word_1_87' title='bbox 532 1698 575 1740; x_wconf 87' lang='lat' dir='ltr'>ex</span> <span class='ocrx_word' id='word_1_88' title='bbox 589 1672 750 1742; x_wconf 84' lang='lat' dir='ltr'>maleficio</span> <span class='ocrx_word' id='word_1_89' title='bbox 766 1678 931 1761; x_wconf 92' lang='lat' dir='ltr'>obligatus</span> <span class='ocrx_word' id='word_1_90' title='bbox 947 1679 1165 1761; x_wconf 87' lang='lat' dir='ltr'>intellegitur:</span> <span class='ocrx_word' id='word_1_91' title='bbox 1190 1680 1265 1743; x_wconf 91' lang='lat' dir='ltr'>ideo</span> 
     </span>
     <span class='ocr_line' id='line_1_12' title="bbox 118 1781 1267 1865; baseline -0.001 -18"><span class='ocrx_word' id='word_1_92' title='bbox 118 1793 231 1847; x_wconf 92' lang='lat' dir='ltr'>autem</span> <span class='ocrx_word' id='word_1_93' title='bbox 258 1803 324 1846; x_wconf 93' lang='lat' dir='ltr'>non</span> <span class='ocrx_word' id='word_1_94' title='bbox 348 1781 480 1864; x_wconf 85' lang='lat' dir='ltr'>proprie</span> <span class='ocrx_word' id='word_1_95' title='bbox 503 1802 546 1843; x_wconf 91' lang='lat' dir='ltr'>ex</span> <span class='ocrx_word' id='word_1_96' title='bbox 574 1781 737 1845; x_wconf 88' lang='lat' dir='ltr'>maleficio</span> <span class='ocrx_word' id='word_1_97' title='bbox 764 1782 929 1865; x_wconf 88' lang='lat' dir='ltr'>obligatus</span> <span class='ocrx_word' id='word_1_98' title='bbox 957 1782 1165 1865; x_wconf 87' lang='lat' dir='ltr'>intellegitur,</span> <span class='ocrx_word' id='word_1_99' title='bbox 1188 1784 1267 1865; x_wconf 91' lang='lat' dir='ltr'>quia</span> 
     </span>
     <span class='ocr_line' id='line_1_13' title="bbox 119 1884 1266 1971; baseline -0.001 -20"><span class='ocrx_word' id='word_1_100' title='bbox 119 1888 314 1971; x_wconf 91' lang='lat' dir='ltr'>plerumque</span> <span class='ocrx_word' id='word_1_101' title='bbox 329 1886 374 1949; x_wconf 93' lang='lat' dir='ltr'>ob</span> <span class='ocrx_word' id='word_1_102' title='bbox 389 1884 523 1949; x_wconf 87' lang='lat' dir='ltr'>alterius</span> <span class='ocrx_word' id='word_1_103' title='bbox 538 1884 670 1967; x_wconf 91' lang='lat' dir='ltr'>culpam</span> <span class='ocrx_word' id='word_1_104' title='bbox 686 1894 816 1950; x_wconf 89' lang='lat' dir='ltr'>tenetur</span> <span class='ocrx_word' id='word_1_105' title='bbox 830 1897 886 1950; x_wconf 90' lang='lat' dir='ltr'>aut</span> <span class='ocrx_word' id='word_1_106' title='bbox 902 1887 985 1950; x_wconf 90' lang='lat' dir='ltr'>servi</span> <span class='ocrx_word' id='word_1_107' title='bbox 1001 1897 1059 1951; x_wconf 94' lang='lat' dir='ltr'>aut</span> <span class='ocrx_word' id='word_1_108' title='bbox 1074 1888 1177 1951; x_wconf 90' lang='lat' dir='ltr'>liberi.</span> <span class='ocrx_word' id='word_1_109' title='bbox 1215 1888 1266 1951; x_wconf 91' lang='lat' dir='ltr'>cui</span> 
     </span>
     <span class='ocr_line' id='line_1_14' title="bbox 120 1988 1267 2072; baseline -0.003 -16"><span class='ocrx_word' id='word_1_110' title='bbox 120 1991 235 2056; x_wconf 86' lang='lat' dir='ltr'>similis</span> <span class='ocrx_word' id='word_1_111' title='bbox 251 2000 302 2055; x_wconf 87' lang='lat' dir='ltr'>est</span> <span class='ocrx_word' id='word_1_112' title='bbox 317 1990 354 2065; x_wconf 90' lang='lat' dir='ltr'>is,</span> <span class='ocrx_word' id='word_1_113' title='bbox 366 1988 422 2072; x_wconf 91' lang='lat' dir='ltr'>qui</span> <span class='ocrx_word' id='word_1_114' title='bbox 439 2009 478 2051; x_wconf 96' lang='lat' dir='ltr'>ea</span> <span class='ocrx_word' id='word_1_115' title='bbox 494 1997 597 2070; x_wconf 89' lang='lat' dir='ltr'>parte,</span> <span class='ocrx_word' id='word_1_116' title='bbox 611 2009 677 2070; x_wconf 91' lang='lat' dir='ltr'>qua</span> <span class='ocrx_word' id='word_1_117' title='bbox 691 1989 791 2072; x_wconf 90' lang='lat' dir='ltr'>vulgo</span> <span class='ocrx_word' id='word_1_118' title='bbox 807 1991 869 2054; x_wconf 93' lang='lat' dir='ltr'>iter</span> <span class='ocrx_word' id='word_1_119' title='bbox 886 1990 955 2054; x_wconf 85' lang='lat' dir='ltr'>fieri</span> <span class='ocrx_word' id='word_1_120' title='bbox 972 1989 1064 2068; x_wconf 88' lang='lat' dir='ltr'>solet,</span> <span class='ocrx_word' id='word_1_121' title='bbox 1073 1991 1104 2054; x_wconf 92' lang='lat' dir='ltr'>id</span> <span class='ocrx_word' id='word_1_122' title='bbox 1121 1991 1267 2072; x_wconf 92' lang='lat' dir='ltr'>positum</span> 
     </span>
     <span class='ocr_line' id='line_1_15' title="bbox 120 2091 1266 2177; baseline -0.002 -20"><span class='ocrx_word' id='word_1_123' title='bbox 120 2105 178 2158; x_wconf 89' lang='lat' dir='ltr'>aut</span> <span class='ocrx_word' id='word_1_124' title='bbox 193 2113 389 2177; x_wconf 90' lang='lat' dir='ltr'>suspensum</span> <span class='ocrx_word' id='word_1_125' title='bbox 406 2091 518 2167; x_wconf 89' lang='lat' dir='ltr'>habet,</span> <span class='ocrx_word' id='word_1_126' title='bbox 537 2093 627 2174; x_wconf 93' lang='lat' dir='ltr'>quod</span> <span class='ocrx_word' id='word_1_127' title='bbox 646 2103 765 2175; x_wconf 91' lang='lat' dir='ltr'>potest,</span> <span class='ocrx_word' id='word_1_128' title='bbox 789 2094 816 2156; x_wconf 92' lang='lat' dir='ltr'>si</span> <span class='ocrx_word' id='word_1_129' title='bbox 837 2093 998 2166; x_wconf 82' lang='lat' dir='ltr'>ceciderit,</span> <span class='ocrx_word' id='word_1_130' title='bbox 1015 2093 1112 2157; x_wconf 90' lang='lat' dir='ltr'>alicui</span> <span class='ocrx_word' id='word_1_131' title='bbox 1131 2115 1266 2157; x_wconf 89' lang='lat' dir='ltr'>nocere:</span> 
     </span>
     <span class='ocr_line' id='line_1_16' title="bbox 120 2197 1268 2280; baseline -0.001 -19"><span class='ocrx_word' id='word_1_132' title='bbox 120 2219 186 2280; x_wconf 92' lang='lat' dir='ltr'>quo</span> <span class='ocrx_word' id='word_1_133' title='bbox 209 2217 285 2261; x_wconf 90' lang='lat' dir='ltr'>casu</span> <span class='ocrx_word' id='word_1_134' title='bbox 308 2217 415 2280; x_wconf 87' lang='lat' dir='ltr'>poena</span> <span class='ocrx_word' id='word_1_135' title='bbox 437 2197 551 2259; x_wconf 87' lang='lat' dir='ltr'>decem</span> <span class='ocrx_word' id='word_1_136' title='bbox 574 2216 747 2259; x_wconf 89' lang='lat' dir='ltr'>aureorum</span> <span class='ocrx_word' id='word_1_137' title='bbox 770 2198 949 2261; x_wconf 90' lang='lat' dir='ltr'>constituta</span> <span class='ocrx_word' id='word_1_138' title='bbox 971 2206 1031 2260; x_wconf 90' lang='lat' dir='ltr'>est.</span> <span class='ocrx_word' id='word_1_139' title='bbox 1068 2198 1110 2260; x_wconf 92' lang='lat' dir='ltr'>de</span> <span class='ocrx_word' id='word_1_140' title='bbox 1134 2218 1174 2261; x_wconf 93' lang='lat' dir='ltr'>eo</span> <span class='ocrx_word' id='word_1_141' title='bbox 1188 2217 1268 2261; x_wconf 87' lang='lat' dir='ltr'>vero</span> 
     </span>
     <span class='ocr_line' id='line_1_17' title="bbox 121 2299 1268 2383; baseline 0.001 -19"><span class='ocrx_word' id='word_1_142' title='bbox 121 2302 210 2383; x_wconf 94' lang='lat' dir='ltr'>quod</span> <span class='ocrx_word' id='word_1_143' title='bbox 226 2301 388 2364; x_wconf 93' lang='lat' dir='ltr'>deiectum</span> <span class='ocrx_word' id='word_1_144' title='bbox 406 2299 586 2362; x_wconf 83' lang='lat' dir='ltr'>effusumve</span> <span class='ocrx_word' id='word_1_145' title='bbox 602 2308 653 2363; x_wconf 91' lang='lat' dir='ltr'>est</span> <span class='ocrx_word' id='word_1_146' title='bbox 674 2299 767 2382; x_wconf 94' lang='lat' dir='ltr'>dupli</span> <span class='ocrx_word' id='word_1_147' title='bbox 783 2300 897 2383; x_wconf 89' lang='lat' dir='ltr'>quanti</span> <span class='ocrx_word' id='word_1_148' title='bbox 917 2301 1076 2362; x_wconf 89' lang='lat' dir='ltr'>damnum</span> <span class='ocrx_word' id='word_1_149' title='bbox 1092 2301 1208 2364; x_wconf 91' lang='lat' dir='ltr'>datum</span> <span class='ocrx_word' id='word_1_150' title='bbox 1224 2301 1268 2365; x_wconf 93' lang='lat' dir='ltr'>sit</span> 
     </span>
     <span class='ocr_line' id='line_1_18' title="bbox 120 2401 1267 2486; baseline -0.001 -18"><span class='ocrx_word' id='word_1_151' title='bbox 120 2405 298 2468; x_wconf 90' lang='lat' dir='ltr'>constituta</span> <span class='ocrx_word' id='word_1_152' title='bbox 314 2413 364 2466; x_wconf 92' lang='lat' dir='ltr'>est</span> <span class='ocrx_word' id='word_1_153' title='bbox 382 2403 476 2466; x_wconf 88' lang='lat' dir='ltr'>actio.</span> <span class='ocrx_word' id='word_1_154' title='bbox 513 2402 557 2466; x_wconf 92' lang='lat' dir='ltr'>ob</span> <span class='ocrx_word' id='word_1_155' title='bbox 572 2401 741 2466; x_wconf 92' lang='lat' dir='ltr'>hominem</span> <span class='ocrx_word' id='word_1_156' title='bbox 757 2425 833 2467; x_wconf 89' lang='lat' dir='ltr'>vero</span> <span class='ocrx_word' id='word_1_157' title='bbox 854 2403 992 2466; x_wconf 89' lang='lat' dir='ltr'>liberum</span> <span class='ocrx_word' id='word_1_158' title='bbox 1012 2405 1156 2468; x_wconf 91' lang='lat' dir='ltr'>occisum</span> <span class='ocrx_word' id='word_1_159' title='bbox 1172 2405 1267 2486; x_wconf 90' lang='lat' dir='ltr'>quin·</span> 
     </span>
     <span class='ocr_line' id='line_1_19' title="bbox 120 2507 1266 2589; baseline 0.002 -20"><span class='ocrx_word' id='word_1_160' title='bbox 120 2508 278 2589; x_wconf 88' lang='lat' dir='ltr'>quaginta</span> <span class='ocrx_word' id='word_1_161' title='bbox 307 2526 481 2570; x_wconf 89' lang='lat' dir='ltr'>aureorum</span> <span class='ocrx_word' id='word_1_162' title='bbox 508 2526 616 2587; x_wconf 91' lang='lat' dir='ltr'>poena</span> <span class='ocrx_word' id='word_1_163' title='bbox 645 2508 872 2571; x_wconf 89' lang='lat' dir='ltr'>constituitur:</span> <span class='ocrx_word' id='word_1_164' title='bbox 905 2507 932 2570; x_wconf 91' lang='lat' dir='ltr'>si</span> <span class='ocrx_word' id='word_1_165' title='bbox 959 2528 1036 2570; x_wconf 90' lang='lat' dir='ltr'>vero</span> <span class='ocrx_word' id='word_1_166' title='bbox 1062 2508 1151 2570; x_wconf 90' lang='lat' dir='ltr'>vivet</span> <span class='ocrx_word' id='word_1_167' title='bbox 1178 2509 1266 2571; x_wconf 92' lang='lat' dir='ltr'>noci-</span> 
     </span>
     <span class='ocr_line' id='line_1_20' title="bbox 120 2611 1268 2694; baseline -0.001 -20"><span class='ocrx_word' id='word_1_168' title='bbox 120 2621 258 2694; x_wconf 88' lang='lat' dir='ltr'>tumque</span> <span class='ocrx_word' id='word_1_169' title='bbox 280 2611 309 2673; x_wconf 90' lang='lat' dir='ltr'>ei</span> <span class='ocrx_word' id='word_1_170' title='bbox 332 2631 403 2674; x_wconf 90' lang='lat' dir='ltr'>esse</span> <span class='ocrx_word' id='word_1_171' title='bbox 424 2611 560 2686; x_wconf 90' lang='lat' dir='ltr'>dicetur,</span> <span class='ocrx_word' id='word_1_172' title='bbox 576 2623 736 2693; x_wconf 90' lang='lat' dir='ltr'>quantum</span> <span class='ocrx_word' id='word_1_173' title='bbox 757 2612 802 2674; x_wconf 92' lang='lat' dir='ltr'>ob</span> <span class='ocrx_word' id='word_1_174' title='bbox 824 2632 897 2674; x_wconf 88' lang='lat' dir='ltr'>eam</span> <span class='ocrx_word' id='word_1_175' title='bbox 919 2632 988 2674; x_wconf 92' lang='lat' dir='ltr'>rem</span> <span class='ocrx_word' id='word_1_176' title='bbox 1009 2611 1268 2692; x_wconf 87' lang='lat' dir='ltr'>aequumiudici</span> 
     </span>
    </p>
   </div>
   <div class='ocr_carea' id='block_1_4' title="bbox 121 2813 1271 4553">
    <p class='ocr_par' dir='ltr' id='par_1_4' title="bbox 121 2813 1270 3620">
     <span class='ocr_line' id='line_1_21' title="bbox 157 2813 1270 2885; baseline -0.002 -14"><span class='ocrx_word' id='word_1_177' title='bbox 157 2821 218 2872; x_wconf 74' lang='lat' dir='ltr'>&#39;rie</span> <span class='ocrx_word' id='word_1_178' title='bbox 229 2820 268 2871; x_wconf 86' lang='lat' dir='ltr'>V.</span> <span class='ocrx_word' id='word_1_179' title='bbox 287 2817 381 2873; x_wconf 86' lang='lat' dir='ltr'>These</span> <span class='ocrx_word' id='word_1_180' title='bbox 399 2814 593 2885; x_wconf 89' lang='lat' dir='ltr'>quasi-delicts</span> <span class='ocrx_word' id='word_1_181' title='bbox 610 2831 658 2868; x_wconf 91' lang='lat' dir='ltr'>are</span> <span class='ocrx_word' id='word_1_182' title='bbox 681 2813 715 2867; x_wconf 81' lang='lat' dir='ltr'>ol</span> <span class='ocrx_word' id='word_1_183' title='bbox 730 2824 785 2868; x_wconf 88' lang='lat' dir='ltr'>two</span> <span class='ocrx_word' id='word_1_184' title='bbox 805 2813 909 2880; x_wconf 87' lang='lat' dir='ltr'>kinds;</span> <span class='ocrx_word' id='word_1_185' title='bbox 930 2813 969 2883; x_wconf 87' lang='lat'>(1)</span> <span class='ocrx_word' id='word_1_186' title='bbox 982 2831 1063 2868; x_wconf 86' lang='lat' dir='ltr'>cases</span> <span class='ocrx_word' id='word_1_187' title='bbox 1080 2815 1113 2867; x_wconf 87' lang='lat' dir='ltr'>of</span> <span class='ocrx_word' id='word_1_188' title='bbox 1130 2814 1270 2870; x_wconf 85' lang='lat' dir='ltr'>vicarious</span> 
     </span>
     <span class='ocr_line' id='line_1_22' title="bbox 121 2896 1268 2971; baseline -0.003 -15"><span class='ocrx_word' id='word_1_189' title='bbox 121 2900 338 2971; x_wconf 85' lang='lat' dir='ltr'>responsibility‚</span> <span class='ocrx_word' id='word_1_190' title='bbox 357 2899 486 2968; x_wconf 91' lang='lat' dir='ltr'>imposed</span> <span class='ocrx_word' id='word_1_191' title='bbox 505 2898 543 2967; x_wconf 90' lang='lat' dir='ltr'>by</span> <span class='ocrx_word' id='word_1_192' title='bbox 561 2898 609 2951; x_wconf 90' lang='lat' dir='ltr'>the</span> <span class='ocrx_word' id='word_1_193' title='bbox 628 2897 681 2951; x_wconf 90' lang='lat' dir='ltr'>law</span> <span class='ocrx_word' id='word_1_194' title='bbox 699 2913 775 2967; x_wconf 94' lang='lat' dir='ltr'>upon</span> <span class='ocrx_word' id='word_1_195' title='bbox 793 2914 810 2951; x_wconf 91' lang='lat' dir='ltr'>a</span> <span class='ocrx_word' id='word_1_196' title='bbox 829 2915 896 2952; x_wconf 90' lang='lat' dir='ltr'>man</span> <span class='ocrx_word' id='word_1_197' title='bbox 915 2896 1008 2967; x_wconf 84' lang='lat' dir='ltr'>‘quod</span> <span class='ocrx_word' id='word_1_198' title='bbox 1027 2914 1113 2966; x_wconf 88' lang='lat' dir='ltr'>opera</span> <span class='ocrx_word' id='word_1_199' title='bbox 1130 2899 1268 2953; x_wconf 90' lang='lat' dir='ltr'>malorum</span> 
     </span>
     <span class='ocr_line' id='line_1_23' title="bbox 121 2978 1268 3050; baseline -0.002 -12"><span class='ocrx_word' id='word_1_200' title='bbox 121 2984 268 3038; x_wconf 90' lang='lat' dir='ltr'>hominum</span> <span class='ocrx_word' id='word_1_201' title='bbox 286 2983 388 3050; x_wconf 86' lang='lat' dir='ltr'>utitur,’</span> <span class='ocrx_word' id='word_1_202' title='bbox 409 2999 442 3035; x_wconf 90' lang='lat' dir='ltr'>or</span> <span class='ocrx_word' id='word_1_203' title='bbox 460 2982 583 3035; x_wconf 86' lang='lat' dir='ltr'>because</span> <span class='ocrx_word' id='word_1_204' title='bbox 605 2978 625 3033; x_wconf 92' lang='lat' dir='ltr'>it</span> <span class='ocrx_word' id='word_1_205' title='bbox 646 2996 712 3048; x_wconf 90' lang='lat' dir='ltr'>may</span> <span class='ocrx_word' id='word_1_206' title='bbox 733 2980 769 3034; x_wconf 88' lang='lat' dir='ltr'>be</span> <span class='ocrx_word' id='word_1_207' title='bbox 791 2979 907 3033; x_wconf 85' lang='lat' dir='ltr'>difficult</span> <span class='ocrx_word' id='word_1_208' title='bbox 929 2990 959 3033; x_wconf 93' lang='lat' dir='ltr'>to</span> <span class='ocrx_word' id='word_1_209' title='bbox 978 2979 1118 3034; x_wconf 89' lang='lat' dir='ltr'>ascertain</span> <span class='ocrx_word' id='word_1_210' title='bbox 1141 2981 1189 3035; x_wconf 92' lang='lat' dir='ltr'>the</span> <span class='ocrx_word' id='word_1_211' title='bbox 1210 2983 1268 3036; x_wconf 88' lang='lat' dir='ltr'>real</span> 
     </span>
     <span class='ocr_line' id='line_1_24' title="bbox 121 3061 1269 3135; baseline -0.003 -13"><span class='ocrx_word' id='word_1_212' title='bbox 121 3068 256 3135; x_wconf 81' lang='lat' dir='ltr'>offender,</span> <span class='ocrx_word' id='word_1_213' title='bbox 272 3067 328 3121; x_wconf 90' lang='lat' dir='ltr'>and</span> <span class='ocrx_word' id='word_1_214' title='bbox 349 3065 387 3134; x_wconf 87' lang='lat'>(2)</span> <span class='ocrx_word' id='word_1_215' title='bbox 405 3081 515 3133; x_wconf 91' lang='lat' dir='ltr'>wrongs</span> <span class='ocrx_word' id='word_1_216' title='bbox 533 3061 624 3116; x_wconf 87' lang='lat' dir='ltr'>which</span> <span class='ocrx_word' id='word_1_217' title='bbox 641 3063 727 3117; x_wconf 87' lang='lat' dir='ltr'>result</span> <span class='ocrx_word' id='word_1_218' title='bbox 745 3062 863 3131; x_wconf 87' lang='lat' dir='ltr'>directly</span> <span class='ocrx_word' id='word_1_219' title='bbox 875 3062 947 3117; x_wconf 80' lang='lat' dir='ltr'>from</span> <span class='ocrx_word' id='word_1_220' title='bbox 960 3080 978 3117; x_wconf 86' lang='lat' dir='ltr'>a</span> <span class='ocrx_word' id='word_1_221' title='bbox 991 3065 1080 3117; x_wconf 83' lang='lat' dir='ltr'>man&#39;s</span> <span class='ocrx_word' id='word_1_222' title='bbox 1097 3082 1160 3118; x_wconf 92' lang='lat' dir='ltr'>own</span> <span class='ocrx_word' id='word_1_223' title='bbox 1178 3066 1269 3134; x_wconf 90' lang='lat' dir='ltr'>culpa,</span> 
     </span>
     <span class='ocr_line' id='line_1_25' title="bbox 121 3146 1269 3215; baseline -0.002 -11"><span class='ocrx_word' id='word_1_224' title='bbox 121 3151 171 3205; x_wconf 93' lang='lat' dir='ltr'>but</span> <span class='ocrx_word' id='word_1_225' title='bbox 191 3150 281 3204; x_wconf 90' lang='lat' dir='ltr'>which</span> <span class='ocrx_word' id='word_1_226' title='bbox 300 3149 338 3203; x_wconf 95' lang='lat' dir='ltr'>do</span> <span class='ocrx_word' id='word_1_227' title='bbox 356 3158 405 3202; x_wconf 92' lang='lat' dir='ltr'>not</span> <span class='ocrx_word' id='word_1_228' title='bbox 424 3165 505 3201; x_wconf 88' lang='lat' dir='ltr'>come</span> <span class='ocrx_word' id='word_1_229' title='bbox 524 3146 614 3201; x_wconf 89' lang='lat' dir='ltr'>under</span> <span class='ocrx_word' id='word_1_230' title='bbox 630 3146 679 3200; x_wconf 88' lang='lat' dir='ltr'>the</span> <span class='ocrx_word' id='word_1_231' title='bbox 697 3146 844 3201; x_wconf 88' lang='lat' dir='ltr'>definition</span> <span class='ocrx_word' id='word_1_232' title='bbox 863 3147 896 3200; x_wconf 87' lang='lat' dir='ltr'>of</span> <span class='ocrx_word' id='word_1_233' title='bbox 910 3163 966 3215; x_wconf 87' lang='lat' dir='ltr'>any</span> <span class='ocrx_word' id='word_1_234' title='bbox 978 3146 1011 3199; x_wconf 82' lang='lat' dir='ltr'>os</span> <span class='ocrx_word' id='word_1_235' title='bbox 1025 3147 1074 3200; x_wconf 90' lang='lat' dir='ltr'>the</span> <span class='ocrx_word' id='word_1_236' title='bbox 1092 3147 1154 3200; x_wconf 81' lang='lat' dir='ltr'>four</span> <span class='ocrx_word' id='word_1_237' title='bbox 1169 3147 1269 3202; x_wconf 90' lang='lat' dir='ltr'>delicts</span> 
     </span>
     <span class='ocr_line' id='line_1_26' title="bbox 121 3228 1270 3303; baseline -0.002 -16"><span class='ocrx_word' id='word_1_238' title='bbox 121 3249 231 3303; x_wconf 87' lang='lat' dir='ltr'>proper.</span> <span class='ocrx_word' id='word_1_239' title='bbox 263 3232 325 3286; x_wconf 89' lang='lat' dir='ltr'>The</span> <span class='ocrx_word' id='word_1_240' title='bbox 338 3231 448 3285; x_wconf 88' lang='lat' dir='ltr'>actions</span> <span class='ocrx_word' id='word_1_241' title='bbox 460 3231 498 3298; x_wconf 91' lang='lat' dir='ltr'>by</span> <span class='ocrx_word' id='word_1_242' title='bbox 507 3228 599 3283; x_wconf 90' lang='lat' dir='ltr'>which</span> <span class='ocrx_word' id='word_1_243' title='bbox 612 3229 680 3298; x_wconf 87' lang='lat' dir='ltr'>they</span> <span class='ocrx_word' id='word_1_244' title='bbox 689 3246 738 3283; x_wconf 89' lang='lat' dir='ltr'>are</span> <span class='ocrx_word' id='word_1_245' title='bbox 750 3229 899 3284; x_wconf 88' lang='lat' dir='ltr'>redressed</span> <span class='ocrx_word' id='word_1_246' title='bbox 911 3229 998 3297; x_wconf 81' lang='lat' dir='ltr'>being</span> <span class='ocrx_word' id='word_1_247' title='bbox 1009 3228 1167 3298; x_wconf 91' lang='lat' dir='ltr'>bilaterally</span> <span class='ocrx_word' id='word_1_248' title='bbox 1176 3232 1270 3299; x_wconf 86' lang='lat' dir='ltr'>penal,</span> 
     </span>
     <span class='ocr_line' id='line_1_27' title="bbox 122 3313 1269 3386; baseline -0.002 -15"><span class='ocrx_word' id='word_1_249' title='bbox 122 3326 222 3386; x_wconf 87' lang='lat' dir='ltr'>except</span> <span class='ocrx_word' id='word_1_250' title='bbox 241 3316 364 3386; x_wconf 88' lang='lat' dir='ltr'>perhaps</span> <span class='ocrx_word' id='word_1_251' title='bbox 383 3314 411 3368; x_wconf 91' lang='lat' dir='ltr'>in</span> <span class='ocrx_word' id='word_1_252' title='bbox 430 3331 484 3367; x_wconf 92' lang='lat' dir='ltr'>one</span> <span class='ocrx_word' id='word_1_253' title='bbox 503 3330 577 3379; x_wconf 88' lang='lat' dir='ltr'>case,</span> <span class='ocrx_word' id='word_1_254' title='bbox 599 3313 665 3380; x_wconf 87' lang='lat' dir='ltr'>they</span> <span class='ocrx_word' id='word_1_255' title='bbox 684 3313 802 3383; x_wconf 85' lang='lat' dir='ltr'>partake</span> <span class='ocrx_word' id='word_1_256' title='bbox 820 3313 853 3365; x_wconf 87' lang='lat' dir='ltr'>of</span> <span class='ocrx_word' id='word_1_257' title='bbox 868 3313 917 3367; x_wconf 87' lang='lat' dir='ltr'>the</span> <span class='ocrx_word' id='word_1_258' title='bbox 936 3314 1082 3367; x_wconf 88' lang='lat' dir='ltr'>character</span> <span class='ocrx_word' id='word_1_259' title='bbox 1100 3313 1134 3366; x_wconf 82' lang='lat' dir='ltr'>ol</span> <span class='ocrx_word' id='word_1_260' title='bbox 1148 3314 1269 3382; x_wconf 90' lang='lat' dir='ltr'>genuine</span> 
     </span>
     <span class='ocr_line' id='line_1_28' title="bbox 121 3394 1269 3466; baseline -0.003 -13"><span class='ocrx_word' id='word_1_261' title='bbox 121 3399 221 3454; x_wconf 88' lang='lat' dir='ltr'>delicts</span> <span class='ocrx_word' id='word_1_262' title='bbox 233 3418 240 3464; x_wconf 90' lang='grc'><strong>;</strong></span> <span class='ocrx_word' id='word_1_263' title='bbox 259 3416 277 3452; x_wconf 84' lang='lat' dir='ltr'>a</span> <span class='ocrx_word' id='word_1_264' title='bbox 289 3408 421 3466; x_wconf 88' lang='lat' dir='ltr'>category</span> <span class='ocrx_word' id='word_1_265' title='bbox 431 3396 502 3449; x_wconf 79' lang='lat' dir='ltr'>from</span> <span class='ocrx_word' id='word_1_266' title='bbox 515 3395 605 3449; x_wconf 87' lang='lat' dir='ltr'>which</span> <span class='ocrx_word' id='word_1_267' title='bbox 617 3395 661 3462; x_wconf 87' lang='lat' dir='ltr'>(as</span> <span class='ocrx_word' id='word_1_268' title='bbox 676 3397 729 3449; x_wconf 89' lang='lat' dir='ltr'>Mr.</span> <span class='ocrx_word' id='word_1_269' title='bbox 742 3397 827 3450; x_wconf 91' lang='lat' dir='ltr'>Poste</span> <span class='ocrx_word' id='word_1_270' title='bbox 839 3394 978 3463; x_wconf 88' lang='lat' dir='ltr'>remarks)</span> <span class='ocrx_word' id='word_1_271' title='bbox 990 3396 1057 3464; x_wconf 91' lang='lat' dir='ltr'>they</span> <span class='ocrx_word' id='word_1_272' title='bbox 1069 3413 1118 3450; x_wconf 88' lang='lat' dir='ltr'>are</span> <span class='ocrx_word' id='word_1_273' title='bbox 1131 3396 1269 3451; x_wconf 87' lang='lat' dir='ltr'>excluded</span> 
     </span>
     <span class='ocr_line' id='line_1_29' title="bbox 121 3478 1269 3553; baseline -0.003 -16"><span class='ocrx_word' id='word_1_274' title='bbox 121 3481 288 3553; x_wconf 87' lang='lat' dir='ltr'>apparently</span> <span class='ocrx_word' id='word_1_275' title='bbox 300 3480 367 3549; x_wconf 91' lang='lat' dir='ltr'>only</span> <span class='ocrx_word' id='word_1_276' title='bbox 379 3480 501 3534; x_wconf 88' lang='lat' dir='ltr'>because</span> <span class='ocrx_word' id='word_1_277' title='bbox 515 3480 583 3548; x_wconf 88' lang='lat' dir='ltr'>they</span> <span class='ocrx_word' id='word_1_278' title='bbox 595 3479 643 3533; x_wconf 81' lang='lat' dir='ltr'>fall</span> <span class='ocrx_word' id='word_1_279' title='bbox 656 3478 746 3533; x_wconf 90' lang='lat' dir='ltr'>under</span> <span class='ocrx_word' id='word_1_280' title='bbox 757 3495 795 3532; x_wconf 94' lang='lat' dir='ltr'>no</span> <span class='ocrx_word' id='word_1_281' title='bbox 812 3478 918 3533; x_wconf 87' lang='lat' dir='ltr'>certain</span> <span class='ocrx_word' id='word_1_282' title='bbox 935 3487 1047 3548; x_wconf 88' lang='lat' dir='ltr'>statute,</span> <span class='ocrx_word' id='word_1_283' title='bbox 1060 3496 1092 3533; x_wconf 94' lang='lat' dir='ltr'>or</span> <span class='ocrx_word' id='word_1_284' title='bbox 1108 3496 1155 3535; x_wconf 90' lang='lat' dir='ltr'>are</span> <span class='ocrx_word' id='word_1_285' title='bbox 1173 3490 1269 3534; x_wconf 91' lang='lat' dir='ltr'>recent</span> 
     </span>
     <span class='ocr_line' id='line_1_30' title="bbox 123 3563 463 3620; baseline -0.012 0"><span class='ocrx_word' id='word_1_286' title='bbox 123 3565 266 3620; x_wconf 87' lang='lat' dir='ltr'>additions</span> <span class='ocrx_word' id='word_1_287' title='bbox 279 3574 309 3618; x_wconf 94' lang='lat' dir='ltr'>to</span> <span class='ocrx_word' id='word_1_288' title='bbox 321 3564 369 3619; x_wconf 87' lang='lat' dir='ltr'>the</span> <span class='ocrx_word' id='word_1_289' title='bbox 382 3563 463 3617; x_wconf 88' lang='lat' dir='ltr'>code.</span> 
     </span>
    </p>

    <p class='ocr_par' dir='ltr' id='par_1_5' title="bbox 121 3643 1271 4455">
     <span class='ocr_line' id='line_1_31' title="bbox 157 3643 1271 3715; baseline -0.002 -13"><span class='ocrx_word' id='word_1_290' title='bbox 157 3649 233 3702; x_wconf 86' lang='lat' dir='ltr'>That</span> <span class='ocrx_word' id='word_1_291' title='bbox 246 3649 294 3702; x_wconf 89' lang='lat' dir='ltr'>the</span> <span class='ocrx_word' id='word_1_292' title='bbox 307 3647 521 3715; x_wconf 88' lang='lat' dir='ltr'>incompetence</span> <span class='ocrx_word' id='word_1_293' title='bbox 533 3645 566 3699; x_wconf 84' lang='lat' dir='ltr'>os</span> <span class='ocrx_word' id='word_1_294' title='bbox 574 3662 592 3699; x_wconf 92' lang='lat' dir='ltr'>a</span> <span class='ocrx_word' id='word_1_295' title='bbox 605 3661 726 3714; x_wconf 86' lang='lat' dir='ltr'>surgeon</span> <span class='ocrx_word' id='word_1_296' title='bbox 739 3661 797 3698; x_wconf 88' lang='lat' dir='ltr'>was</span> <span class='ocrx_word' id='word_1_297' title='bbox 809 3661 827 3698; x_wconf 89' lang='lat' dir='ltr'>a</span> <span class='ocrx_word' id='word_1_298' title='bbox 839 3643 924 3698; x_wconf 90' lang='lat' dir='ltr'>delict</span> <span class='ocrx_word' id='word_1_299' title='bbox 938 3643 1003 3712; x_wconf 86' lang='lat' dir='ltr'>(Tit.</span> <span class='ocrx_word' id='word_1_300' title='bbox 1014 3660 1041 3713; x_wconf 88' lang='lat'>3.</span> <span class='ocrx_word' id='word_1_301' title='bbox 1056 3658 1070 3710; x_wconf 93' lang='lat'><em>7</em></span> <span class='ocrx_word' id='word_1_302' title='bbox 1084 3645 1180 3715; x_wconf 71' lang='lat' dir='ltr'>supr),</span> <span class='ocrx_word' id='word_1_303' title='bbox 1189 3645 1271 3701; x_wconf 89' lang='lat' dir='ltr'>while</span> 
     </span>
     <span class='ocr_line' id='line_1_32' title="bbox 122 3727 1270 3800; baseline -0.001 -14"><span class='ocrx_word' id='word_1_304' title='bbox 122 3732 182 3786; x_wconf 84' lang='lat' dir='ltr'>that</span> <span class='ocrx_word' id='word_1_305' title='bbox 195 3731 228 3785; x_wconf 83' lang='lat' dir='ltr'>os</span> <span class='ocrx_word' id='word_1_306' title='bbox 242 3748 260 3785; x_wconf 91' lang='lat' dir='ltr'>a</span> <span class='ocrx_word' id='word_1_307' title='bbox 275 3731 362 3800; x_wconf 88' lang='lat' dir='ltr'>judge</span> <span class='ocrx_word' id='word_1_308' title='bbox 376 3747 433 3784; x_wconf 90' lang='lat' dir='ltr'>was</span> <span class='ocrx_word' id='word_1_309' title='bbox 452 3740 509 3797; x_wconf 87' lang='lat' dir='ltr'>not,</span> <span class='ocrx_word' id='word_1_310' title='bbox 523 3747 580 3783; x_wconf 89' lang='lat' dir='ltr'>was</span> <span class='ocrx_word' id='word_1_311' title='bbox 599 3729 655 3782; x_wconf 88' lang='lat' dir='ltr'>due</span> <span class='ocrx_word' id='word_1_312' title='bbox 673 3738 703 3782; x_wconf 92' lang='lat' dir='ltr'>to</span> <span class='ocrx_word' id='word_1_313' title='bbox 721 3728 770 3782; x_wconf 88' lang='lat' dir='ltr'>the</span> <span class='ocrx_word' id='word_1_314' title='bbox 783 3727 909 3797; x_wconf 88' lang='lat' dir='ltr'>wording</span> <span class='ocrx_word' id='word_1_315' title='bbox 922 3727 955 3781; x_wconf 83' lang='lat' dir='ltr'>ol</span> <span class='ocrx_word' id='word_1_316' title='bbox 969 3728 1018 3784; x_wconf 86' lang='lat' dir='ltr'>the</span> <span class='ocrx_word' id='word_1_317' title='bbox 1031 3729 1074 3782; x_wconf 86' lang='lat' dir='ltr'>lex</span> <span class='ocrx_word' id='word_1_318' title='bbox 1087 3728 1209 3799; x_wconf 86' lang='lat' dir='ltr'>Aquilia,</span> <span class='ocrx_word' id='word_1_319' title='bbox 1222 3730 1270 3786; x_wconf 87' lang='lat' dir='ltr'>the</span> 
     </span>
     <span class='ocr_line' id='line_1_33' title="bbox 121 3810 1270 3882; baseline -0.003 -13"><span class='ocrx_word' id='word_1_320' title='bbox 121 3814 216 3869; x_wconf 84' lang='lat' dir='ltr'>action</span> <span class='ocrx_word' id='word_1_321' title='bbox 235 3814 325 3868; x_wconf 73' lang='lat' dir='ltr'>mder</span> <span class='ocrx_word' id='word_1_322' title='bbox 343 3813 434 3867; x_wconf 90' lang='lat' dir='ltr'>which</span> <span class='ocrx_word' id='word_1_323' title='bbox 453 3812 502 3866; x_wconf 94' lang='lat' dir='ltr'>did</span> <span class='ocrx_word' id='word_1_324' title='bbox 521 3822 570 3866; x_wconf 94' lang='lat' dir='ltr'>not</span> <span class='ocrx_word' id='word_1_325' title='bbox 589 3810 625 3866; x_wconf 92' lang='lat' dir='ltr'>lie</span> <span class='ocrx_word' id='word_1_326' title='bbox 643 3820 743 3881; x_wconf 90' lang='lat' dir='ltr'>except</span> <span class='ocrx_word' id='word_1_327' title='bbox 762 3811 790 3865; x_wconf 88' lang='lat' dir='ltr'>in</span> <span class='ocrx_word' id='word_1_328' title='bbox 809 3828 890 3867; x_wconf 89' lang='lat' dir='ltr'>cases</span> <span class='ocrx_word' id='word_1_329' title='bbox 909 3812 942 3865; x_wconf 83' lang='lat' dir='ltr'>of</span> <span class='ocrx_word' id='word_1_330' title='bbox 956 3811 1077 3881; x_wconf 84' lang='lat' dir='ltr'>damage</span> <span class='ocrx_word' id='word_1_331' title='bbox 1096 3823 1125 3865; x_wconf 93' lang='lat' dir='ltr'>to</span> <span class='ocrx_word' id='word_1_332' title='bbox 1144 3812 1270 3882; x_wconf 89' lang='lat' dir='ltr'>tangible</span> 
     </span>
     <span class='ocr_line' id='line_1_34' title="bbox 122 3894 1269 3967; baseline -0.002 -15"><span class='ocrx_word' id='word_1_333' title='bbox 122 3898 251 3967; x_wconf 87' lang='lat' dir='ltr'>objects:</span> <span class='ocrx_word' id='word_1_334' title='bbox 271 3896 369 3952; x_wconf 89' lang='lat' dir='ltr'>‘iudex</span> <span class='ocrx_word' id='word_1_335' title='bbox 389 3906 455 3950; x_wconf 89' lang='lat' dir='ltr'>tunc</span> <span class='ocrx_word' id='word_1_336' title='bbox 475 3895 553 3950; x_wconf 88' lang='lat' dir='ltr'>litem</span> <span class='ocrx_word' id='word_1_337' title='bbox 571 3912 653 3949; x_wconf 89' lang='lat' dir='ltr'>suam</span> <span class='ocrx_word' id='word_1_338' title='bbox 672 3896 766 3949; x_wconf 85' lang='lat' dir='ltr'>facere</span> <span class='ocrx_word' id='word_1_339' title='bbox 784 3894 963 3965; x_wconf 86' lang='lat' dir='ltr'>intellegitur,</span> <span class='ocrx_word' id='word_1_340' title='bbox 977 3912 1041 3948; x_wconf 93' lang='lat' dir='ltr'>cum</span> <span class='ocrx_word' id='word_1_341' title='bbox 1061 3896 1126 3947; x_wconf 93' lang='lat' dir='ltr'>dolo</span> <span class='ocrx_word' id='word_1_342' title='bbox 1145 3896 1221 3949; x_wconf 90' lang='lat' dir='ltr'>malo</span> <span class='ocrx_word' id='word_1_343' title='bbox 1240 3895 1269 3950; x_wconf 89' lang='lat' dir='ltr'>in</span> 
     </span>
     <span class='ocr_line' id='line_1_35' title="bbox 121 3981 1269 4054; baseline -0.001 -15"><span class='ocrx_word' id='word_1_344' title='bbox 121 3984 249 4039; x_wconf 77' lang='lat' dir='ltr'>fraudem</span> <span class='ocrx_word' id='word_1_345' title='bbox 262 3984 333 4054; x_wconf 88' lang='lat' dir='ltr'>legis</span> <span class='ocrx_word' id='word_1_346' title='bbox 350 3983 520 4038; x_wconf 89' lang='lat' dir='ltr'>sententiam</span> <span class='ocrx_word' id='word_1_347' title='bbox 536 3982 644 4038; x_wconf 89' lang='lat' dir='ltr'>dixerit.</span> <span class='ocrx_word' id='word_1_348' title='bbox 683 3984 759 4037; x_wconf 91' lang='lat' dir='ltr'>Dolo</span> <span class='ocrx_word' id='word_1_349' title='bbox 772 3983 847 4037; x_wconf 91' lang='lat' dir='ltr'>malo</span> <span class='ocrx_word' id='word_1_350' title='bbox 863 3993 958 4037; x_wconf 87' lang='lat' dir='ltr'>autern</span> <span class='ocrx_word' id='word_1_351' title='bbox 971 3981 1082 4036; x_wconf 88' lang='lat' dir='ltr'>videtur</span> <span class='ocrx_word' id='word_1_352' title='bbox 1099 3983 1154 4037; x_wconf 92' lang='lat' dir='ltr'>hoc</span> <span class='ocrx_word' id='word_1_353' title='bbox 1167 3983 1269 4053; x_wconf 76' lang='lat' dir='ltr'>iacere,</span> 
     </span>
     <span class='ocr_line' id='line_1_36' title="bbox 122 4063 1270 4135; baseline -0.002 -13"><span class='ocrx_word' id='word_1_354' title='bbox 122 4067 146 4122; x_wconf 92' lang='lat' dir='ltr'>si</span> <span class='ocrx_word' id='word_1_355' title='bbox 167 4067 284 4122; x_wconf 88' lang='lat' dir='ltr'>evidens</span> <span class='ocrx_word' id='word_1_356' title='bbox 306 4077 439 4135; x_wconf 88' lang='lat' dir='ltr'>arguatur</span> <span class='ocrx_word' id='word_1_357' title='bbox 460 4066 520 4120; x_wconf 90' lang='lat' dir='ltr'>eius</span> <span class='ocrx_word' id='word_1_358' title='bbox 539 4067 583 4119; x_wconf 87' lang='lat' dir='ltr'>vel</span> <span class='ocrx_word' id='word_1_359' title='bbox 604 4063 695 4135; x_wconf 82' lang='lat' dir='ltr'>gratia</span> <span class='ocrx_word' id='word_1_360' title='bbox 715 4067 759 4119; x_wconf 89' lang='lat' dir='ltr'>vel</span> <span class='ocrx_word' id='word_1_361' title='bbox 781 4064 929 4119; x_wconf 90' lang='lat' dir='ltr'>inimicitia</span> <span class='ocrx_word' id='word_1_362' title='bbox 946 4064 1095 4119; x_wconf 78' lang='lat' dir='ltr'>ueletiam</span> <span class='ocrx_word' id='word_1_363' title='bbox 1115 4065 1221 4133; x_wconf 87' lang='lat' dir='ltr'>sordes,</span> <span class='ocrx_word' id='word_1_364' title='bbox 1240 4076 1270 4121; x_wconf 90' lang='lat' dir='ltr'>ut</span> 
     </span>
     <span class='ocr_line' id='line_1_37' title="bbox 122 4147 1271 4220; baseline -0.001 -14"><span class='ocrx_word' id='word_1_365' title='bbox 122 4168 218 4206; x_wconf 84' lang='lat' dir='ltr'>veram</span> <span class='ocrx_word' id='word_1_366' title='bbox 236 4149 463 4205; x_wconf 87' lang='lat' dir='ltr'>aestimationem</span> <span class='ocrx_word' id='word_1_367' title='bbox 481 4149 537 4203; x_wconf 90' lang='lat' dir='ltr'>litis</span> <span class='ocrx_word' id='word_1_368' title='bbox 555 4158 699 4220; x_wconf 87' lang='lat' dir='ltr'>praestare</span> <span class='ocrx_word' id='word_1_369' title='bbox 718 4150 849 4217; x_wconf 89' lang='lat' dir='ltr'>cogatur&#39;</span> <span class='ocrx_word' id='word_1_370' title='bbox 868 4147 934 4217; x_wconf 87' lang='lat' dir='ltr'>Dig.</span> <span class='ocrx_word' id='word_1_371' title='bbox 956 4160 979 4217; x_wconf 83' lang='lat'>5.</span> <span class='ocrx_word' id='word_1_372' title='bbox 1002 4162 1023 4202; x_wconf 89' lang='lat'>1.</span> <span class='ocrx_word' id='word_1_373' title='bbox 1046 4160 1084 4217; x_wconf 82' lang='lat'>15.</span> <span class='ocrx_word' id='word_1_374' title='bbox 1106 4163 1129 4202; x_wconf 81' lang='grc' dir='ltr'>ι.</span> <span class='ocrx_word' id='word_1_375' title='bbox 1165 4149 1271 4206; x_wconf 89' lang='lat' dir='ltr'>Where</span> 
     </span>
     <span class='ocr_line' id='line_1_38' title="bbox 121 4230 1270 4303; baseline -0.003 -14"><span class='ocrx_word' id='word_1_376' title='bbox 121 4234 167 4289; x_wconf 91' lang='lat' dir='ltr'>his</span> <span class='ocrx_word' id='word_1_377' title='bbox 179 4234 288 4290; x_wconf 80' lang='lat' dir='ltr'>offence</span> <span class='ocrx_word' id='word_1_378' title='bbox 302 4252 359 4288; x_wconf 90' lang='lat' dir='ltr'>was</span> <span class='ocrx_word' id='word_1_379' title='bbox 371 4235 438 4303; x_wconf 93' lang='lat' dir='ltr'>only</span> <span class='ocrx_word' id='word_1_380' title='bbox 450 4232 640 4303; x_wconf 86' lang='lat' dir='ltr'>imprudentia</span> <span class='ocrx_word' id='word_1_381' title='bbox 652 4231 673 4286; x_wconf 90' lang='lat' dir='ltr'>it</span> <span class='ocrx_word' id='word_1_382' title='bbox 686 4242 761 4287; x_wconf 89' lang='lat' dir='ltr'>must</span> <span class='ocrx_word' id='word_1_383' title='bbox 773 4232 846 4286; x_wconf 88' lang='lat' dir='ltr'>have</span> <span class='ocrx_word' id='word_1_384' title='bbox 861 4232 934 4287; x_wconf 90' lang='lat' dir='ltr'>been</span> <span class='ocrx_word' id='word_1_385' title='bbox 951 4248 1030 4286; x_wconf 88' lang='lat' dir='ltr'>more</span> <span class='ocrx_word' id='word_1_386' title='bbox 1047 4231 1147 4300; x_wconf 89' lang='lat' dir='ltr'>lightly</span> <span class='ocrx_word' id='word_1_387' title='bbox 1159 4230 1270 4301; x_wconf 86' lang='lat' dir='ltr'>visited,</span> 
     </span>
     <span class='ocr_line' id='line_1_39' title="bbox 122 4313 1271 4387; baseline -0.003 -14"><span class='ocrx_word' id='word_1_388' title='bbox 122 4318 171 4373; x_wconf 91' lang='lat' dir='ltr'>the</span> <span class='ocrx_word' id='word_1_389' title='bbox 181 4318 268 4387; x_wconf 86' lang='lat' dir='ltr'>judge</span> <span class='ocrx_word' id='word_1_390' title='bbox 280 4318 348 4372; x_wconf 91' lang='lat' dir='ltr'>here</span> <span class='ocrx_word' id='word_1_391' title='bbox 360 4316 466 4387; x_wconf 84' lang='lat' dir='ltr'>having</span> <span class='ocrx_word' id='word_1_392' title='bbox 478 4333 496 4370; x_wconf 88' lang='lat' dir='ltr'>a</span> <span class='ocrx_word' id='word_1_393' title='bbox 513 4315 664 4371; x_wconf 89' lang='lat' dir='ltr'>discretion</span> <span class='ocrx_word' id='word_1_394' title='bbox 678 4315 700 4367; x_wconf 77' lang='lat'>⁶.</span> <span class='ocrx_word' id='word_1_395' title='bbox 713 4356 720 4369; x_wconf 94' lang='lat'><strong>.</strong></span> <span class='ocrx_word' id='word_1_396' title='bbox 735 4353 742 4368; x_wconf 92' lang='lat'><strong>.</strong></span> <span class='ocrx_word' id='word_1_397' title='bbox 756 4356 762 4369; x_wconf 93' lang='lat'>.</span> <span class='ocrx_word' id='word_1_398' title='bbox 775 4325 913 4384; x_wconf 88' lang='lat' dir='ltr'>quantum</span> <span class='ocrx_word' id='word_1_399' title='bbox 925 4331 1047 4385; x_wconf 87' lang='lat' dir='ltr'>aequum</span> <span class='ocrx_word' id='word_1_400' title='bbox 1060 4313 1187 4383; x_wconf 89' lang='lat' dir='ltr'>religioni</span> <span class='ocrx_word' id='word_1_401' title='bbox 1200 4314 1271 4369; x_wconf 90' lang='lat' dir='ltr'>iudi-</span> 
     </span>
     <span class='ocr_line' id='line_1_40' title="bbox 122 4399 383 4455; baseline -0.008 0"><span class='ocrx_word' id='word_1_402' title='bbox 122 4400 214 4455; x_wconf 88' lang='lat' dir='ltr'>cantis</span> <span class='ocrx_word' id='word_1_403' title='bbox 225 4399 383 4455; x_wconf 65' lang='lat' dir='ltr'>videbitur?</span> 
     </span>
    </p>

    <p class='ocr_par' dir='ltr' id='par_1_6' title="bbox 159 4479 1270 4553">
     <span class='ocr_line' id='line_1_41' title="bbox 159 4479 1270 4553; baseline -0.005 -14"><span class='ocrx_word' id='word_1_404' title='bbox 159 4480 210 4553; x_wconf 75' lang='lat' dir='ltr'>§L</span> <span class='ocrx_word' id='word_1_405' title='bbox 223 4482 358 4539; x_wconf 87' lang='lat' dir='ltr'>‘Praetor</span> <span class='ocrx_word' id='word_1_406' title='bbox 364 4480 403 4539; x_wconf 88' lang='lat' dir='ltr'>ait</span> <span class='ocrx_word' id='word_1_407' title='bbox 416 4481 453 4537; x_wconf 88' lang='lat' dir='ltr'>de</span> <span class='ocrx_word' id='word_1_408' title='bbox 465 4480 518 4551; x_wconf 92' lang='lat' dir='ltr'>his,</span> <span class='ocrx_word' id='word_1_409' title='bbox 527 4480 574 4552; x_wconf 88' lang='lat' dir='ltr'>qui</span> <span class='ocrx_word' id='word_1_410' title='bbox 584 4479 737 4537; x_wconf 85' lang='lat' dir='ltr'>deiecerint</span> <span class='ocrx_word' id='word_1_411' title='bbox 747 4480 791 4537; x_wconf 86' lang='lat' dir='ltr'>vel</span> <span class='ocrx_word' id='word_1_412' title='bbox 801 4479 959 4549; x_wconf 81' lang='lat' dir='ltr'>effuderint,</span> <span class='ocrx_word' id='word_1_413' title='bbox 971 4480 1046 4536; x_wconf 88' lang='lat' dir='ltr'>unde</span> <span class='ocrx_word' id='word_1_414' title='bbox 1057 4479 1085 4534; x_wconf 91' lang='lat' dir='ltr'>in</span> <span class='ocrx_word' id='word_1_415' title='bbox 1099 4498 1164 4536; x_wconf 88' lang='lat' dir='ltr'>eum</span> <span class='ocrx_word' id='word_1_416' title='bbox 1177 4481 1270 4536; x_wconf 91' lang='lat' dir='ltr'>locum</span> 
     </span>
    </p>
   </div>
   <div class='ocr_carea' id='block_1_5' title="bbox 0 0 1505 5048">
    <p class='ocr_par' dir='ltr' id='par_1_7' title="bbox 0 0 1505 5048">
     <span class='ocr_line' id='line_1_42' title="bbox 0 0 1505 5048; baseline 0 0"><span class='ocrx_word' id='word_1_417' title='bbox 0 0 1505 5048; x_wconf 95' lang='lat' dir='ltr'> </span> 
     </span>
    </p>
   </div>
  </div>
 </body>
</html>
