2986 5048
241 343 305 412 522
446 340 549 395 INST
547 339 594 395 ΙΤ
597 339 652 395 UT
650 337 797 395 IONUM
814 338 934 394 LIBRI
952 338 1189 410 QUATTUOR.
1275 341 1341 407 [Lib.
1351 347 1397 395 IV.

212 496 321 577 5quia
344 494 423 577 ipsis
446 495 483 559 fit
507 494 633 558 iniuria.
679 492 809 577 Quodsi
828 513 906 556 usus
926 491 1050 557 fructus
1070 494 1103 557 in
1121 515 1216 558 servo
1236 493 1316 557 Titii
1333 505 1394 574 est,
1476 535 1482 546 ·

242 601 424 681 proprietas
448 599 570 662 Maevii
591 606 651 677 est,
667 599 773 680 magis
797 580 928 660 Maeuio
952 597 1067 661 iniuria
1088 597 1157 661 lieri
1182 597 1394 682 intellegitur.

211 700 312 766 osed
336 703 363 763 si
385 702 496 775 libem,
513 703 569 783 qui
590 702 651 765 tibi
671 701 760 764 bona
783 700 849 764 tide
870 701 978 776 servit,
996 700 1112 764 iniuria
1128 700 1215 765 sacta
1233 702 1285 777 sit,
1302 701 1395 766 nulla

242 805 302 868 tibi
324 807 410 869 actio
431 805 572 880 dabitur,
589 805 647 869 sed
671 825 732 868 suo
753 804 887 868 nomine
907 805 935 867 is
954 805 1096 886 experiri
1120 805 1258 887 poterit:
1282 806 1344 868 nisi
1359 807 1394 868 in

242 908 476 971 contumeliam
498 918 590 972 tuam
615 906 764 991 pulsatus
790 908 842 985 sit,
868 916 947 971 tunc
970 908 1058 970 enim
1086 909 1247 990 competit
1271 919 1304 972 et
1331 908 1393 971 tibi

242 1011 430 1074 iniuriarum
451 1013 547 1076 acti0.
593 1013 681 1076 idem
705 1032 784 1094 ergo
805 1021 855 1075 est
878 1020 912 1075 et
933 1011 966 1073 in
985 1031 1080 1074 servo
1099 1012 1208 1074 alieno
1223 1011 1311 1075 bona
1327 1011 1395 1076 fide

242 1116 302 1180 tibi
319 1116 488 1194 serviente,
503 1125 541 1179 ut
559 1117 681 1181 totiens
702 1116 899 1179 admittatur
918 1115 1107 1179 iniuriarum
1128 1115 1224 1193 actio,
1241 1117 1394 1197 quotiens

243 1220 276 1282 in
295 1228 387 1282 tuam
403 1219 637 1284 contumeliam
653 1221 768 1282 iniuria
784 1219 813 1283 ei
828 1219 917 1283 sacta
932 1219 985 1282 sit.

214 1334 231 1387 7
288 1322 399 1386 Poena
433 1313 545 1387 a’utem
584 1323 771 1387 iniuriarum
806 1343 850 1386 ex
887 1322 961 1404 lege
991 1321 1167 1386 duodecim
1204 1322 1393 1385 tabularum

243 1436 378 1509 propter
394 1427 578 1490 membrum
596 1427 731 1509 quidem
751 1428 884 1510 ruptum
900 1427 981 1490 talio
999 1435 1088 1490 erat:
1112 1438 1247 1509 propter
1262 1448 1299 1490 os
1314 1448 1393 1490 vero

243 1530 384 1594 fractum
408 1532 612 1593 nummariae
626 1551 755 1612 poenae
776 1538 869 1594 erant
885 1530 1084 1595 constitutae
1100 1532 1193 1613 quasi
1217 1531 1251 1594 in
1272 1553 1394 1616 magna

243 1644 391 1698 vetemm
413 1643 618 1716 paupertate.
662 1636 721 1698 sed
743 1645 860 1716 postea
874 1646 1042 1715 praetores
1058 1636 1295 1717 permittebant
1315 1637 1394 1718 ipsis

243 1739 300 1820 qui
324 1738 473 1801 iniuriam
499 1739 588 1820 passi
618 1747 693 1801 sunt
720 1759 794 1801 eam
818 1739 1002 1817 aestimare,
1029 1748 1065 1802 ut
1096 1739 1198 1803 iudex
1224 1740 1277 1802 vel
1308 1739 1394 1804 tanti

244 1843 453 1919 condemnet,
477 1842 594 1923 quanti
616 1841 766 1906 iniuriam
789 1863 905 1924 passus
927 1843 1159 1921 aestimaverit,
1183 1843 1235 1906 vel
1258 1844 1394 1907 minoris

245 1956 343 2028 prout
367 1947 394 2009 ei
417 1947 523 2008 visum
543 1944 648 2008 suerit.
692 1946 752 2008 sed
780 1965 888 2027 poena
910 1945 1044 2028 quidem
1075 1946 1218 2024 iniuriae,
1241 1966 1327 2028 quae
1349 1967 1394 2009 ex

245 2050 320 2131 lege
349 2048 525 2112 duodecim
555 2047 742 2112 tabularum
773 2049 960 2112 introducta
990 2058 1050 2127 est,
1081 2051 1113 2112 in
1143 2051 1393 2113 desuetudinem

245 2153 344 2216 abiit:
368 2174 467 2234 quam
491 2162 602 2216 autem
626 2160 794 2235 praetores
817 2153 1079 2231 introduxerunt,
1102 2174 1188 2235 quae
1212 2153 1311 2216 etiam
1334 2152 1394 2217 ho-

246 2256 373 2320 noraria
402 2256 596 2338 appellatur,
621 2256 653 2319 in
677 2257 804 2320 iudiciis
825 2256 1061 2338 frequentatur.
1106 2276 1184 2319 nam
1212 2258 1401 2320 secundum·

244 2361 385 2443 gradum
410 2360 580 2442 dignitatis
601 2359 755 2441 vitaeque
780 2359 990 2424 honestatem
1013 2361 1128 2424 crescit
1153 2369 1211 2423 aut
1238 2359 1396 2424 minuitur

245 2464 433 2527 aestimatio
459 2463 610 2526 iniuriae:
635 2462 691 2544 qui
718 2462 840 2544 gradus
863 2462 1150 2527 condemnationis
1173 2472 1207 2526 et
1231 2464 1263 2524 in
1286 2463 1394 2526 servili

245 2587 386 2650 persona
402 2588 466 2630 non
483 2567 647 2630 immerito
666 2576 822 2642 servatur,
839 2575 875 2629 ut
895 2566 984 2630 aliud
1004 2567 1037 2629 in
1055 2587 1150 2630 servo
1168 2578 1289 2646 actore,
1304 2567 1395 2632 aliud

245 2671 277 2733 in
295 2671 395 2734 medii
414 2680 507 2734 actus
526 2670 669 2749 homine,
685 2669 774 2733 aliud
797 2670 829 2733 in
854 2671 1012 2734 vilissimo
1032 2670 1086 2733 vel
1107 2672 1297 2752 compedito
1317 2691 1395 2734 con-

242 2948 330 3020 judge
345 2948 447 3002 should
464 2948 595 3003 consider
611 2958 660 3003 not
678 2949 743 3017 only
756 2949 805 3003 the
826 2949 933 3016 shares,
947 2949 996 3002 but
1014 2950 1075 3003 also
1094 2950 1141 3003 the
1155 2948 1286 3018 dignitas,
1299 2949 1332 3002 ol
1346 2949 1395 3003 the

243 3033 316 3102 joint
334 3049 460 3112 owneps:
480 3049 512 3086 so
530 3033 591 3086 that
611 3031 634 3084 if
649 3049 666 3085 a
685 3049 763 3085 more
781 3032 955 3085 honourable
972 3032 1029 3086 and
1042 3049 1060 3086 a
1073 3033 1128 3087 less
1142 3031 1315 3086 honourable
1328 3048 1395 3085 man

246 3133 308 3169 own
327 3132 345 3168 a
364 3116 440 3168 slave
459 3113 487 3167 in
507 3114 643 3182 moieties‚
657 3114 714 3168 and
733 3115 781 3168 the
802 3114 906 3168 former
919 3114 1002 3168 could
1021 3114 1305 3168 recover1ool.ilhe
1323 3131 1396 3168 were

246 3200 306 3252 sole
325 3197 465 3264 dominus
485 3198 566 3251 while
585 3198 633 3252 the
653 3198 743 3266 latter,
762 3197 852 3251 under
870 3198 917 3251 the
935 3214 1013 3251 same
1033 3196 1219 3267 supposition,
1238 3197 1329 3251 would
1347 3208 1396 3266 get

246 3284 313 3351 only
334 3282 394 3350 sol,
414 3282 462 3336 the
480 3281 567 3351 judge
587 3282 674 3349 ought
696 3291 725 3335 to
744 3280 914 3350 awardyol.
936 3291 965 3334 to
985 3282 1114 3350 theone,
1137 3281 1194 3335 and
1218 3282 1271 3351 25l.
1295 3292 1324 3334 to
1346 3281 1395 3336 the

246 3367 336 3420 other.

283 3446 338 3518 §b
360 3449 416 3502 But
435 3446 458 3500 if
473 3448 520 3503 the
541 3446 625 3501 insult
639 3464 695 3501 was
715 3445 850 3501 intended
869 3455 899 3500 to
918 3447 954 3501 be
973 3446 1079 3501 offered
1098 3456 1128 3500 to
1145 3445 1245 3514 Titius,
1257 3446 1294 3500 he
1311 3446 1395 3500 could

247 3548 305 3599 sue,
320 3531 385 3599 Dig.
400 3544 440 3597 47.
460 3546 499 3584 ιο.
517 3544 555 3600 15·
569 3545 613 3597 47.

284 3613 338 3684 §T
359 3616 402 3667 To
420 3614 539 3667 fractum
559 3612 648 3668 Gaius
662 3612 710 3680 (iii.
726 3612 787 3680 2²3)
804 3612 876 3666 adds
897 3612 960 3667 ‘aut
979 3613 1124 3667 collisum!
1163 3613 1224 3667 The
1244 3612 1396 3667 difference

246 3699 374 3752 between
387 3698 546 3751 membrum
565 3707 677 3766 ruptum
695 3696 752 3750 and
770 3713 802 3750 os
820 3697 939 3750 fractum
960 3695 983 3750 is
1002 3707 1051 3751 not
1071 3696 1154 3764 clear,
1167 3696 1225 3765 but,
1239 3695 1262 3749 is
1276 3713 1316 3749 we
1329 3713 1396 3765 may

247 3782 305 3849 rely
319 3797 355 3834 on
369 3781 416 3834 the
431 3779 643 3849 interpretation
656 3780 689 3833 ol
702 3791 814 3848 ruptum
828 3780 917 3834 under
930 3780 977 3834 the
990 3780 1034 3834 lex
1047 3778 1161 3849 Aquilia
1176 3796 1208 3834 as
1225 3789 1396 3848 corruptum,

246 3865 296 3918 the
309 3865 412 3917 former
425 3862 448 3917 is
463 3863 598 3917 intended
616 3873 644 3918 to
658 3880 771 3932 express
790 3874 956 3932 permanent
970 3863 1165 3917 disablement.
1204 3863 1266 3916 The
1281 3863 1397 3931 penalty

248 3947 276 4001 in
290 3948 359 4001 such
373 3964 453 4000 cases
468 3948 526 4015 (the
539 3946 668 4001 exactiori
682 3947 714 4000 of
723 3946 814 4000 which
832 3964 888 4001 was
907 3946 1058 4016 permitted
1075 3947 1113 4015 by
1125 3947 1174 4001 the
1189 3956 1292 4000 statute
1306 3956 1335 3999 to
1348 3947 1396 3999 the

247 4040 360 4085 nearest
379 4030 494 4084 relative
507 4030 539 4083 ol
555 4031 603 4083 the
616 4030 727 4099 injured
744 4047 855 4100 person,
870 4030 990 4084 ‘talione
1008 4030 1151 4100 proximus
1164 4041 1301 4098 cognatus
1315 4028 1397 4084 ulcis-

248 4114 334 4168 citur'
348 4114 419 4167 Cato
439 4113 467 4167 in
488 4113 614 4167 Priscian
628 4113 653 4168 6.
668 4115 730 4182 710)
745 4131 803 4167 was
820 4130 837 4167 a
854 4113 923 4167 limb
936 4113 978 4167 sor
991 4130 1009 4167 a
1021 4113 1089 4167 limb
1109 4114 1175 4182 only
1188 4113 1211 4166 if
1226 4114 1274 4166 the
1291 4111 1397 4181 parties

248 4215 320 4251 were
334 4197 437 4250 unable
451 4209 480 4251 to
490 4213 574 4266 agree
587 4214 619 4251 as
633 4207 662 4250 to
673 4197 886 4267 compensation
900 4216 906 4250 ε
926 4196 966 4250 ‘si
980 4197 1140 4251 membrum
1150 4196 1233 4266 rupit,
1245 4196 1274 4250 ni
1287 4213 1351 4249 cum
1362 4213 1397 4250 eo

248 4280 333 4350 pacit,
347 4280 414 4333 talio
427 4282 503 4334 esto’
517 4282 640 4348 (Twelve
654 4281 759 4336 Tables
777 4280 805 4334 in
824 4280 936 4347 Festus)
949 4298 956 4347 ;
975 4281 1025 4334 but
1045 4280 1065 4334 it
1078 4279 1170 4334 would
1183 4297 1260 4334 seem
1274 4281 1334 4333 that
1348 4281 1397 4334 the

249 4362 413 4432 delinquent
427 4364 510 4418 could
528 4364 611 4418 resist
631 4364 698 4418 talio
717 4364 740 4417 is
754 4365 789 4418 he
807 4364 931 4434 pleased‚
945 4363 1002 4416 and
1022 4362 1103 4418 insist
1116 4380 1152 4416 on
1166 4380 1184 4416 a
1193 4362 1310 4433 judicial
1323 4363 1396 4417 fine:

241 4444 289 4525 “si
308 4462 380 4515 reus,
398 4446 444 4518 qui
463 4445 605 4518 depacisci
624 4448 760 4518 noluerat,
774 4446 859 4502 iudici
877 4447 1012 4503 talionem
1030 4445 1180 4518 imperanti
1196 4463 1253 4500 non
1270 4446 1397 4516 parebat,
