2986 5048
191 354 257 428 374
396 343 747 402 INSTITUTIONUM
765 342 885 399 LIBRI
903 340 1140 414 QUATTUOR.
1222 343 1289 411 [Lib.
1303 348 1351 399 nt.

192 535 236 579 ex
258 512 321 577 hac
344 529 443 576 causa
465 511 553 574 bona
575 508 718 587 addicta,
733 516 840 572 cessat
859 507 1023 572 bonorum
1038 506 1206 571 venditio:
1231 506 1350 571 extitit

191 618 281 682 enirn
311 613 456 679 defuncti
488 613 653 688 defensor,
680 621 713 676 et
743 612 878 693 quidem
910 612 1057 688 idoneus,
1081 612 1138 693 qui
1165 611 1208 674 de
1239 610 1349 675 solido

162 719 409 785 acreditoribus
435 728 539 782 cavet.
594 716 749 799 Inprimis
774 715 838 781 hoc
865 716 1060 798 rescriptum
1084 715 1206 779 totiens
1234 715 1347 779 locum

191 823 301 901 habet,
319 822 472 905 quotiens
494 829 694 884 testamento
717 819 888 883 libertates
911 820 1009 883 datae
1032 827 1118 883 sunt.
1162 817 1244 901 quid
1268 840 1348 902 ergo

191 928 308 1011 siquis
331 928 507 990 intestatus
530 925 696 988 decedens
718 923 878 988 codicillis
900 923 1069 987 libertates
1092 923 1221 988 dederit
1237 942 1349 1006 neque

192 1033 284 1098 adita
310 1032 353 1094 sit
377 1031 421 1095 ab
447 1032 605 1094 intestato
631 1026 821 1092 hereditas?
851 1029 944 1093 favor
968 1027 1213 1092 constitutionis
1244 1027 1349 1092 debet

192 1137 302 1201 locum
325 1135 454 1199 habere
499 1144 588 1197 certe
606 1135 634 1197 si
657 1143 799 1198 testatus
822 1134 962 1197 decedat
985 1141 1019 1198 et
1040 1131 1201 1197 codicillis
1215 1131 1349 1197 dederit

162 1241 389 1317 ilibertatem,
411 1249 599 1322 competere
623 1258 697 1301 eam
725 1238 848 1301 nemini
875 1238 1014 1301 dubium
1041 1246 1102 1302 est.
1146 1237 1244 1301 Tunc
1271 1258 1349 1302 con·

193 1344 356 1409 stitutioni
383 1342 493 1405 locum
518 1362 589 1405 esse
614 1342 714 1405 verba
741 1343 931 1419 ostendunt,
956 1361 1033 1405 cum
1056 1361 1154 1405 nemo
1177 1360 1350 1405 successor

192 1448 235 1512 ab
269 1449 428 1511 intestato
461 1446 605 1510 existat:
643 1466 722 1527 ergo
757 1447 917 1528 quamdiu
952 1446 1113 1509 incertum
1150 1445 1203 1519 sit,
1234 1454 1349 1509 utrum

193 1553 318 1618 existat
338 1572 381 1615 an
404 1571 479 1628 non,
499 1550 639 1616 cessabit
662 1551 875 1616 constitutio:
906 1552 933 1614 si
956 1559 1081 1615 certum
1104 1570 1177 1615 esse
1200 1553 1350 1633 coeperit

163 1658 359 1729 5neminem
388 1667 515 1730 extare,
542 1664 621 1719 tunc
651 1655 712 1718 erit
746 1656 973 1719 constitutioni
1004 1655 1107 1720 locus.
1160 1651 1197 1719 Si
1228 1655 1266 1734 is,
1290 1657 1348 1739 qui

193 1762 226 1824 in
253 1760 418 1841 integrum
450 1758 577 1823 restitui
602 1768 722 1840 potest,
749 1758 910 1823 abstinuit
939 1780 975 1823 se
1004 1759 1048 1822 ab
1074 1758 1270 1837 hereditate,
1296 1780 1349 1838 an,

193 1865 344 1947 quamvis
376 1872 487 1945 potest
521 1863 555 1926 in
586 1863 751 1945 integrum
787 1864 925 1939 restitui,
954 1872 1066 1946 potest
1099 1863 1233 1927 admitti
1269 1884 1348 1928 con·

193 1969 323 2033 stitutio
344 1977 378 2032 et
397 1968 543 2032 addictio
565 1968 727 2031 bonorum
749 1967 840 2033 fieri?
870 1968 949 2051 quid
975 1989 1063 2051 ergo,
1082 1969 1109 2031 si
1133 1976 1210 2051 post
1232 1969 1348 2032 addic-

194 2074 319 2136 tionem
337 2071 528 2135 libertatum
552 2071 850 2136 conservandarum
871 2092 970 2137 causa
993 2071 1115 2135 iactam
1132 2072 1165 2135 in
1180 2071 1348 2155 integrum

195 2176 238 2240 sit
265 2176 458 2239 restitutus?
485 2176 599 2258 utique
624 2195 689 2238 non
713 2176 774 2239 erit
797 2177 975 2241 dicendum
1000 2176 1144 2240 revocari
1167 2175 1348 2252 libertates,

164 2293 280 2362 6quae
296 2279 399 2342 semel
416 2280 666 2361 competierunt.
712 2280 807 2344 Haec
826 2281 1018 2345 constitutio
1041 2280 1232 2343 libertatum
1251 2289 1349 2345 tuen·

195 2384 311 2446 darum
342 2402 440 2445 causa
471 2382 658 2447 introducta
685 2393 755 2447 est:
790 2406 868 2467 ergo
895 2385 922 2447 si
949 2385 1118 2449 libertates
1144 2383 1256 2448 nullae
1283 2385 1350 2449 sint

195 2487 302 2565 datae,
319 2496 425 2550 cessat
449 2487 650 2552 constitutio.
694 2488 774 2570 quid
798 2510 885 2573 ergo,
901 2491 928 2554 si
944 2490 1037 2553 vivus
1060 2489 1154 2553 dedit
1176 2488 1350 2553 libertates

194 2591 247 2654 vel
271 2589 386 2655 mortis
408 2611 507 2656 causa
529 2601 571 2668 et,
588 2612 629 2655 ne
651 2592 695 2655 de
717 2592 780 2656 hoc
801 2605 986 2675 quaeratur,
1006 2601 1117 2656 utrum
1140 2593 1174 2656 in
1196 2592 1349 2658 fraudem

195 2697 394 2759 creditorum
417 2717 460 2759 an
483 2716 549 2758 non
570 2696 694 2760 facturn
715 2698 767 2772 sit,
784 2698 905 2762 idcirco
920 2698 1023 2761 velint
1040 2698 1150 2761 addici
1170 2697 1235 2761 sibi
1250 2698 1349 2774 bona,

195 2820 237 2862 an
267 2800 424 2863 audiendi
453 2796 552 2863 sunt?
596 2809 630 2863 et
664 2801 769 2882 magis
800 2811 859 2876 est,
891 2812 928 2866 ut
961 2801 1065 2865 audiri
1100 2801 1253 2876 debeant,
1286 2802 1350 2866 etsi

195 2902 351 2967 deficiant
380 2903 480 2966 verba
510 2905 762 2968 constitutionis.
809 2905 876 2968 Sed
907 2925 982 2968 cum
1018 2904 1141 2968 multas
1170 2905 1351 2970 divisiones

196 3007 358 3069 eiusmodi
381 3006 609 3070 constitutioni
632 3008 748 3071 deesse
775 3010 1015 3090 perspeximus,
1041 3007 1109 3072 lata
1135 3017 1185 3071 est
1207 3030 1229 3073 a
1252 3010 1351 3073 nobis

197 3109 387 3191 plenissima
406 3111 607 3185 constitutio,
625 3112 658 3173 in
676 3132 776 3193 quarn
801 3113 925 3175 multae
948 3113 1075 3194 species
1097 3110 1239 3176 collatae
1260 3123 1351 3185 sunt,

196 3214 315 3295 quibus
339 3215 389 3276 ius
411 3213 600 3277 huiusmodi
623 3215 837 3279 successionis
860 3217 1087 3299 plenissimum
1108 3225 1158 3280 est
1174 3216 1351 3282 effectum:

196 3337 278 3398 quas
294 3338 337 3381 ex
353 3318 425 3399 ipsa
441 3317 583 3381 lectione
600 3320 842 3383 constitutionis
858 3330 968 3402 potest
983 3321 1057 3402 quis
1072 3340 1281 3402 cognoscere.

731 3520 813 3585 XII.

272 3696 322 3745 DE
347 3695 657 3748 SUCCESSIONIBUS
682 3697 868 3762 SUBLATIS,
892 3698 995 3761 QUAE
1018 3697 1182 3748 FIEBANT
1206 3698 1278 3749 PER

367 3799 551 3850 BONORUM
574 3800 842 3850 VENDITIONEM
867 3802 915 3850 ET
938 3802 987 3851 EX
1012 3802 1182 3853 SENATUS

548 3904 744 3956 CONSULTO
767 3905 996 3955 CLAUDIANO.

241 4026 346 4090 Erant
377 4037 455 4092 ante
488 4029 692 4110 praedictam
730 4030 971 4094 successionem
1004 4029 1083 4093 olim
1113 4041 1148 4094 et
1177 4028 1263 4094 aliae
1293 4052 1353 4114 per

233 4232 291 4297 §5.
311 4232 368 4284 For
386 4231 413 4284 in
434 4230 574 4301 integrum
593 4233 732 4287 restitutio
754 4251 801 4289 see
824 4251 861 4288 on
881 4234 934 4287 Bk.
949 4233 984 4289 iv.
997 4234 1022 4289 6.
1036 4248 1070 4302 33
1084 4232 1133 4288 inl.
1179 4233 1243 4288 The
1263 4249 1351 4288 causa

197 4313 240 4368 ior
253 4315 300 4368 the
313 4315 452 4369 restitutio
465 4316 532 4370 here
546 4315 569 4369 is
582 4316 675 4371 minor
687 4328 775 4373 aetas.

244 4395 257 4467 ξ
271 4401 299 4453 7.
317 4398 483 4466 Justinian's
497 4416 559 4453 own
573 4400 756 4455 constitution
770 4400 793 4456 is
807 4401 834 4455 in
850 4400 920 4456 Cod.
934 4414 959 4467 7.
974 4415 998 4455 2.
1016 4414 1054 4470 15.
1071 4400 1129 4455 1-6.

233 4483 294 4535 Tit.
306 4480 351 4534 12.
371 4482 427 4534 For
449 4483 498 4537 the
518 4493 625 4553 system
646 4484 677 4538 oi
693 4484 871 4554 bankruptcy
892 4482 1040 4539 execution
1061 4483 1090 4538 in
1112 4499 1163 4539 use
1188 4481 1279 4538 under
1303 4482 1352 4538 the
