<?xml version="1.0" encoding="UTF-8"?>
<!DOCTYPE html PUBLIC "-//W3C//DTD XHTML 1.0 Transitional//EN"
    "http://www.w3.org/TR/xhtml1/DTD/xhtml1-transitional.dtd">
<html xmlns="http://www.w3.org/1999/xhtml" xml:lang="en" lang="en">
 <head>
  <title>
</title>
<meta http-equiv="Content-Type" content="text/html;charset=utf-8" />
  <meta name='ocr-system' content='tesseract 3.04.00' />
  <meta name='ocr-capabilities' content='ocr_page ocr_carea ocr_par ocr_line ocrx_word'/>
</head>
<body>
  <div class='ocr_page' id='page_1' title='image "./imperatorisiust00goog_0298.png"; bbox 0 0 2986 5048; ppageno 0'>
   <div class='ocr_carea' id='block_1_1' title="bbox 100 340 1248 422">
    <p class='ocr_par' dir='ltr' id='par_1_1' title="bbox 100 340 1248 422">
     <span class='ocr_line' id='line_1_1' title="bbox 100 340 1248 422; baseline -0.006 -12"><span class='ocrx_word' id='word_1_1' title='bbox 100 352 215 419; x_wconf 71' lang='lat' dir='ltr'><strong>Timo]</strong></span> <span class='ocrx_word' id='word_1_2' title='bbox 539 351 600 406; x_wconf 82' lang='lat' dir='ltr'><strong>DE</strong></span> <span class='ocrx_word' id='word_1_3' title='bbox 621 350 815 406; x_wconf 81' lang='lat' dir='ltr'><em>LEGATIS.</em></span> <span class='ocrx_word' id='word_1_4' title='bbox 1185 340 1248 422; x_wconf 77' lang='lat'><strong>285</strong></span> 
     </span>
    </p>
   </div>
   <div class='ocr_carea' id='block_1_2' title="bbox 99 513 1251 1015">
    <p class='ocr_par' dir='ltr' id='par_1_2' title="bbox 99 513 1251 1015">
     <span class='ocr_line' id='line_1_2' title="bbox 99 513 1249 599; baseline -0.003 -18"><span class='ocrx_word' id='word_1_5' title='bbox 99 517 258 599; x_wconf 86' lang='lat' dir='ltr'><strong>legatum,</strong></span> <span class='ocrx_word' id='word_1_6' title='bbox 275 515 302 579; x_wconf 93' lang='lat' dir='ltr'><strong>si</strong></span> <span class='ocrx_word' id='word_1_7' title='bbox 318 515 398 578; x_wconf 89' lang='lat' dir='ltr'><strong>nihil</strong></span> <span class='ocrx_word' id='word_1_8' title='bbox 414 514 488 598; x_wconf 91' lang='lat' dir='ltr'><strong>plus</strong></span> <span class='ocrx_word' id='word_1_9' title='bbox 504 523 554 579; x_wconf 89' lang='lat' dir='ltr'><strong>est</strong></span> <span class='ocrx_word' id='word_1_10' title='bbox 573 514 605 577; x_wconf 95' lang='lat' dir='ltr'><strong>in</strong></span> <span class='ocrx_word' id='word_1_11' title='bbox 622 515 732 596; x_wconf 86' lang='lat' dir='ltr'><strong>legato</strong></span> <span class='ocrx_word' id='word_1_12' title='bbox 753 534 854 597; x_wconf 91' lang='lat' dir='ltr'><strong>quam</strong></span> <span class='ocrx_word' id='word_1_13' title='bbox 876 513 908 577; x_wconf 93' lang='lat' dir='ltr'><strong>in</strong></span> <span class='ocrx_word' id='word_1_14' title='bbox 930 514 1053 590; x_wconf 93' lang='lat' dir='ltr'><strong>debito,</strong></span> <span class='ocrx_word' id='word_1_15' title='bbox 1068 514 1146 596; x_wconf 94' lang='lat' dir='ltr'><strong>quia</strong></span> <span class='ocrx_word' id='word_1_16' title='bbox 1168 514 1249 578; x_wconf 88' lang='lat' dir='ltr'><strong>nihil</strong></span> 
     </span>
     <span class='ocr_line' id='line_1_3' title="bbox 100 617 1249 702; baseline -0.002 -18"><span class='ocrx_word' id='word_1_17' title='bbox 100 620 243 701; x_wconf 89' lang='lat' dir='ltr'><strong>amplius</strong></span> <span class='ocrx_word' id='word_1_18' title='bbox 254 619 357 683; x_wconf 90' lang='lat' dir='ltr'><strong>habet</strong></span> <span class='ocrx_word' id='word_1_19' title='bbox 368 640 428 702; x_wconf 89' lang='lat' dir='ltr'><strong>per</strong></span> <span class='ocrx_word' id='word_1_20' title='bbox 439 619 596 702; x_wconf 86' lang='lat' dir='ltr'><strong>legatum.</strong></span> <span class='ocrx_word' id='word_1_21' title='bbox 630 619 749 701; x_wconf 92' lang='lat' dir='ltr'><strong>quodsi</strong></span> <span class='ocrx_word' id='word_1_22' title='bbox 765 619 798 681; x_wconf 95' lang='lat' dir='ltr'><strong>in</strong></span> <span class='ocrx_word' id='word_1_23' title='bbox 814 618 902 682; x_wconf 91' lang='lat' dir='ltr'><strong>diem</strong></span> <span class='ocrx_word' id='word_1_24' title='bbox 914 617 966 681; x_wconf 91' lang='lat' dir='ltr'><strong>vel</strong></span> <span class='ocrx_word' id='word_1_25' title='bbox 982 618 1044 683; x_wconf 93' lang='lat' dir='ltr'><strong>sub</strong></span> <span class='ocrx_word' id='word_1_26' title='bbox 1056 618 1249 682; x_wconf 90' lang='lat' dir='ltr'><strong>condicione</strong></span> 
     </span>
     <span class='ocr_line' id='line_1_4' title="bbox 100 722 1250 806; baseline -0.002 -19"><span class='ocrx_word' id='word_1_27' title='bbox 100 725 251 787; x_wconf 91' lang='lat' dir='ltr'><strong>debitum</strong></span> <span class='ocrx_word' id='word_1_28' title='bbox 268 724 298 786; x_wconf 92' lang='lat' dir='ltr'><strong>ei</strong></span> <span class='ocrx_word' id='word_1_29' title='bbox 313 744 395 806; x_wconf 90' lang='lat' dir='ltr'><strong>pure</strong></span> <span class='ocrx_word' id='word_1_30' title='bbox 411 722 578 805; x_wconf 86' lang='lat' dir='ltr'><strong>legaverit,</strong></span> <span class='ocrx_word' id='word_1_31' title='bbox 592 722 672 787; x_wconf 86' lang='lat' dir='ltr'><strong>utile</strong></span> <span class='ocrx_word' id='word_1_32' title='bbox 685 733 735 787; x_wconf 90' lang='lat' dir='ltr'><strong>est</strong></span> <span class='ocrx_word' id='word_1_33' title='bbox 750 723 896 806; x_wconf 90' lang='lat' dir='ltr'><strong>legatum</strong></span> <span class='ocrx_word' id='word_1_34' title='bbox 913 730 1046 804; x_wconf 90' lang='lat' dir='ltr'><strong>propter</strong></span> <span class='ocrx_word' id='word_1_35' title='bbox 1060 742 1250 804; x_wconf 90' lang='lat' dir='ltr'><strong>repraesen-</strong></span> 
     </span>
     <span class='ocr_line' id='line_1_5' title="bbox 100 825 1251 909; baseline -0.002 -18"><span class='ocrx_word' id='word_1_36' title='bbox 100 830 272 892; x_wconf 86' lang='lat' dir='ltr'><strong>tationem.</strong></span> <span class='ocrx_word' id='word_1_37' title='bbox 317 827 434 909; x_wconf 90' lang='lat' dir='ltr'><strong>quodsi</strong></span> <span class='ocrx_word' id='word_1_38' title='bbox 463 827 539 890; x_wconf 92' lang='lat' dir='ltr'><strong>vivo</strong></span> <span class='ocrx_word' id='word_1_39' title='bbox 569 836 730 891; x_wconf 89' lang='lat' dir='ltr'><strong>testatore</strong></span> <span class='ocrx_word' id='word_1_40' title='bbox 758 828 829 891; x_wconf 91' lang='lat' dir='ltr'><strong>dies</strong></span> <span class='ocrx_word' id='word_1_41' title='bbox 858 827 984 890; x_wconf 90' lang='lat' dir='ltr'><strong>venerit</strong></span> <span class='ocrx_word' id='word_1_42' title='bbox 1013 835 1071 889; x_wconf 92' lang='lat' dir='ltr'><strong>aut</strong></span> <span class='ocrx_word' id='word_1_43' title='bbox 1101 825 1251 889; x_wconf 91' lang='lat' dir='ltr'><strong>condicio</strong></span> 
     </span>
     <span class='ocr_line' id='line_1_6' title="bbox 100 929 1251 1015; baseline -0.003 -20"><span class='ocrx_word' id='word_1_44' title='bbox 100 933 259 1009; x_wconf 89' lang='lat' dir='ltr'><strong>extiterit,</strong></span> <span class='ocrx_word' id='word_1_45' title='bbox 276 932 475 1015; x_wconf 87' lang='lat' dir='ltr'><strong>Papinianus</strong></span> <span class='ocrx_word' id='word_1_46' title='bbox 498 931 628 1013; x_wconf 88' lang='lat' dir='ltr'><strong>scripsit</strong></span> <span class='ocrx_word' id='word_1_47' title='bbox 649 931 730 996; x_wconf 91' lang='lat' dir='ltr'><strong>utile</strong></span> <span class='ocrx_word' id='word_1_48' title='bbox 753 951 825 995; x_wconf 90' lang='lat' dir='ltr'><strong>esse</strong></span> <span class='ocrx_word' id='word_1_49' title='bbox 848 930 950 994; x_wconf 93' lang='lat' dir='ltr'><strong>nihilo</strong></span> <span class='ocrx_word' id='word_1_50' title='bbox 970 930 1078 993; x_wconf 91' lang='lat' dir='ltr'><strong>minus</strong></span> <span class='ocrx_word' id='word_1_51' title='bbox 1095 929 1251 1012; x_wconf 87' lang='lat' dir='ltr'><strong>legatum,</strong></span> 
     </span>
    </p>
   </div>
   <div class='ocr_carea' id='block_1_3' title="bbox 98 1032 1426 2467">
    <p class='ocr_par' dir='ltr' id='par_1_3' title="bbox 98 1032 1426 2467">
     <span class='ocr_line' id='line_1_7' title="bbox 103 1032 1252 1118; baseline -0.002 -21"><span class='ocrx_word' id='word_1_52' title='bbox 103 1036 182 1117; x_wconf 90' lang='lat' dir='ltr'><strong>quia</strong></span> <span class='ocrx_word' id='word_1_53' title='bbox 202 1034 306 1099; x_wconf 87' lang='lat' dir='ltr'><strong>semel</strong></span> <span class='ocrx_word' id='word_1_54' title='bbox 328 1035 483 1100; x_wconf 89' lang='lat' dir='ltr'><strong>constitit.</strong></span> <span class='ocrx_word' id='word_1_55' title='bbox 528 1036 617 1118; x_wconf 92' lang='lat' dir='ltr'><strong>quod</strong></span> <span class='ocrx_word' id='word_1_56' title='bbox 641 1044 675 1098; x_wconf 90' lang='lat' dir='ltr'><strong>et</strong></span> <span class='ocrx_word' id='word_1_57' title='bbox 700 1055 812 1098; x_wconf 93' lang='lat' dir='ltr'><strong>verum</strong></span> <span class='ocrx_word' id='word_1_58' title='bbox 836 1043 905 1098; x_wconf 86' lang='lat' dir='ltr'><strong>est:</strong></span> <span class='ocrx_word' id='word_1_59' title='bbox 928 1054 994 1097; x_wconf 90' lang='lat' dir='ltr'><strong>non</strong></span> <span class='ocrx_word' id='word_1_60' title='bbox 1017 1034 1105 1097; x_wconf 91' lang='lat' dir='ltr'><strong>enim</strong></span> <span class='ocrx_word' id='word_1_61' title='bbox 1127 1032 1252 1115; x_wconf 89' lang='lat' dir='ltr'><strong>placuit</strong></span> 
     </span>
     <span class='ocr_line' id='line_1_8' title="bbox 100 1137 1251 1220; baseline -0.003 -19"><span class='ocrx_word' id='word_1_62' title='bbox 100 1140 265 1203; x_wconf 89' lang='lat' dir='ltr'><strong>sententia</strong></span> <span class='ocrx_word' id='word_1_63' title='bbox 280 1138 544 1204; x_wconf 88' lang='lat' dir='ltr'><strong>existimantium</strong></span> <span class='ocrx_word' id='word_1_64' title='bbox 565 1140 749 1202; x_wconf 88' lang='lat' dir='ltr'><strong>extinctum</strong></span> <span class='ocrx_word' id='word_1_65' title='bbox 772 1159 844 1201; x_wconf 90' lang='lat' dir='ltr'><strong>esse</strong></span> <span class='ocrx_word' id='word_1_66' title='bbox 863 1137 1018 1220; x_wconf 90' lang='lat' dir='ltr'><strong>legatum,</strong></span> <span class='ocrx_word' id='word_1_67' title='bbox 1035 1138 1112 1218; x_wconf 90' lang='lat' dir='ltr'><strong>quia</strong></span> <span class='ocrx_word' id='word_1_68' title='bbox 1126 1138 1160 1199; x_wconf 95' lang='lat' dir='ltr'><strong>in</strong></span> <span class='ocrx_word' id='word_1_69' title='bbox 1176 1156 1251 1199; x_wconf 93' lang='lat' dir='ltr'><strong>eam</strong></span> 
     </span>
     <span class='ocr_line' id='line_1_9' title="bbox 99 1238 1299 1325; baseline -0.005 -19"><span class='ocrx_word' id='word_1_70' title='bbox 99 1262 236 1306; x_wconf 90' lang='lat' dir='ltr'><strong>causam</strong></span> <span class='ocrx_word' id='word_1_71' title='bbox 260 1243 417 1325; x_wconf 91' lang='lat' dir='ltr'><strong>pervenit,</strong></span> <span class='ocrx_word' id='word_1_72' title='bbox 442 1263 463 1305; x_wconf 93' lang='lat' dir='ltr'><strong>a</strong></span> <span class='ocrx_word' id='word_1_73' title='bbox 487 1263 553 1324; x_wconf 90' lang='lat' dir='ltr'><strong>qua</strong></span> <span class='ocrx_word' id='word_1_74' title='bbox 580 1242 721 1325; x_wconf 89' lang='lat' dir='ltr'><strong>incipere</strong></span> <span class='ocrx_word' id='word_1_75' title='bbox 747 1262 814 1304; x_wconf 94' lang='lat' dir='ltr'><strong>non</strong></span> <span class='ocrx_word' id='word_1_76' title='bbox 840 1250 961 1323; x_wconf 90' lang='lat' dir='ltr'><strong>potest.</strong></span> <span class='ocrx_word' id='word_1_77' title='bbox 1007 1239 1076 1304; x_wconf 92' lang='lat' dir='ltr'><strong>Sed</strong></span> <span class='ocrx_word' id='word_1_78' title='bbox 1102 1240 1128 1304; x_wconf 89' lang='lat' dir='ltr'><strong>si</strong></span> <span class='ocrx_word' id='word_1_79' title='bbox 1155 1238 1251 1302; x_wconf 82' lang='lat' dir='ltr'><strong>uxori</strong></span> <span class='ocrx_word' id='word_1_80' title='bbox 1265 1244 1299 1300; x_wconf 87' lang='lat'><strong>15</strong></span> 
     </span>
     <span class='ocr_line' id='line_1_10' title="bbox 100 1342 1251 1428; baseline -0.001 -20"><span class='ocrx_word' id='word_1_81' title='bbox 100 1346 240 1410; x_wconf 90' lang='lat' dir='ltr'><strong>maritus</strong></span> <span class='ocrx_word' id='word_1_82' title='bbox 255 1346 369 1409; x_wconf 93' lang='lat' dir='ltr'><strong>dotem</strong></span> <span class='ocrx_word' id='word_1_83' title='bbox 387 1345 554 1428; x_wconf 85' lang='lat' dir='ltr'><strong>legaverit,</strong></span> <span class='ocrx_word' id='word_1_84' title='bbox 568 1346 658 1410; x_wconf 88' lang='lat' dir='ltr'><strong>valet</strong></span> <span class='ocrx_word' id='word_1_85' title='bbox 673 1345 829 1427; x_wconf 86' lang='lat' dir='ltr'><strong>legatum,</strong></span> <span class='ocrx_word' id='word_1_86' title='bbox 845 1346 922 1427; x_wconf 93' lang='lat' dir='ltr'><strong>quia</strong></span> <span class='ocrx_word' id='word_1_87' title='bbox 938 1343 1068 1426; x_wconf 89' lang='lat' dir='ltr'><strong>plenius</strong></span> <span class='ocrx_word' id='word_1_88' title='bbox 1091 1353 1141 1408; x_wconf 89' lang='lat' dir='ltr'><strong>est</strong></span> <span class='ocrx_word' id='word_1_89' title='bbox 1163 1342 1251 1426; x_wconf 86' lang='lat' dir='ltr'><strong>lega·</strong></span> 
     </span>
     <span class='ocr_line' id='line_1_11' title="bbox 99 1448 1251 1532; baseline -0.005 -17"><span class='ocrx_word' id='word_1_90' title='bbox 99 1460 172 1515; x_wconf 93' lang='lat' dir='ltr'><strong>tum</strong></span> <span class='ocrx_word' id='word_1_91' title='bbox 189 1470 290 1532; x_wconf 89' lang='lat' dir='ltr'><strong>quam</strong></span> <span class='ocrx_word' id='word_1_92' title='bbox 310 1450 353 1513; x_wconf 90' lang='lat' dir='ltr'><strong>de</strong></span> <span class='ocrx_word' id='word_1_93' title='bbox 372 1450 451 1514; x_wconf 92' lang='lat' dir='ltr'><strong>dote</strong></span> <span class='ocrx_word' id='word_1_94' title='bbox 468 1451 565 1514; x_wconf 90' lang='lat' dir='ltr'><strong>actio.</strong></span> <span class='ocrx_word' id='word_1_95' title='bbox 606 1452 664 1514; x_wconf 89' lang='lat' dir='ltr'><strong>sed</strong></span> <span class='ocrx_word' id='word_1_96' title='bbox 687 1450 715 1513; x_wconf 91' lang='lat' dir='ltr'><strong>si</strong></span> <span class='ocrx_word' id='word_1_97' title='bbox 738 1470 840 1532; x_wconf 89' lang='lat' dir='ltr'><strong>quam</strong></span> <span class='ocrx_word' id='word_1_98' title='bbox 863 1469 928 1512; x_wconf 93' lang='lat' dir='ltr'><strong>non</strong></span> <span class='ocrx_word' id='word_1_99' title='bbox 951 1449 1115 1530; x_wconf 92' lang='lat' dir='ltr'><strong>acceperit</strong></span> <span class='ocrx_word' id='word_1_100' title='bbox 1137 1448 1251 1511; x_wconf 92' lang='lat' dir='ltr'><strong>dotem</strong></span> 
     </span>
     <span class='ocr_line' id='line_1_12' title="bbox 100 1552 1262 1636; baseline -0.003 -19"><span class='ocrx_word' id='word_1_101' title='bbox 100 1554 267 1636; x_wconf 86' lang='lat' dir='ltr'><strong>legaverit,</strong></span> <span class='ocrx_word' id='word_1_102' title='bbox 284 1553 350 1618; x_wconf 90' lang='lat' dir='ltr'><strong>divi</strong></span> <span class='ocrx_word' id='word_1_103' title='bbox 370 1553 512 1618; x_wconf 88' lang='lat' dir='ltr'><strong>Sevems</strong></span> <span class='ocrx_word' id='word_1_104' title='bbox 533 1566 567 1619; x_wconf 97' lang='lat' dir='ltr'><strong>et</strong></span> <span class='ocrx_word' id='word_1_105' title='bbox 590 1553 780 1619; x_wconf 90' lang='lat' dir='ltr'><strong>Antoninus</strong></span> <span class='ocrx_word' id='word_1_106' title='bbox 805 1554 1049 1635; x_wconf 86' lang='lat' dir='ltr'><strong>rescripserunt,</strong></span> <span class='ocrx_word' id='word_1_107' title='bbox 1063 1554 1090 1615; x_wconf 89' lang='lat' dir='ltr'><strong>si</strong></span> <span class='ocrx_word' id='word_1_108' title='bbox 1114 1552 1262 1633; x_wconf 88' lang='lat' dir='ltr'><strong>quidem·</strong></span> 
     </span>
     <span class='ocr_line' id='line_1_13' title="bbox 103 1657 1252 1741; baseline -0.002 -19"><span class='ocrx_word' id='word_1_109' title='bbox 103 1658 298 1741; x_wconf 90' lang='lat' dir='ltr'><strong>simpliciter</strong></span> <span class='ocrx_word' id='word_1_110' title='bbox 309 1657 475 1741; x_wconf 85' lang='lat' dir='ltr'><strong>legaverit,</strong></span> <span class='ocrx_word' id='word_1_111' title='bbox 488 1659 602 1723; x_wconf 91' lang='lat' dir='ltr'><strong>inutile</strong></span> <span class='ocrx_word' id='word_1_112' title='bbox 616 1680 688 1723; x_wconf 89' lang='lat' dir='ltr'><strong>esse</strong></span> <span class='ocrx_word' id='word_1_113' title='bbox 700 1659 859 1741; x_wconf 87' lang='lat' dir='ltr'><strong>legatum:</strong></span> <span class='ocrx_word' id='word_1_114' title='bbox 879 1658 906 1723; x_wconf 93' lang='lat' dir='ltr'><strong>si</strong></span> <span class='ocrx_word' id='word_1_115' title='bbox 918 1678 997 1721; x_wconf 91' lang='lat' dir='ltr'><strong>vero</strong></span> <span class='ocrx_word' id='word_1_116' title='bbox 1009 1667 1099 1722; x_wconf 86' lang='lat' dir='ltr'><strong>certa</strong></span> <span class='ocrx_word' id='word_1_117' title='bbox 1112 1657 1252 1738; x_wconf 92' lang='lat' dir='ltr'><strong>pecunia</strong></span> 
     </span>
     <span class='ocr_line' id='line_1_14' title="bbox 99 1759 1251 1844; baseline -0.002 -19"><span class='ocrx_word' id='word_1_118' title='bbox 99 1762 152 1826; x_wconf 90' lang='lat' dir='ltr'><strong>vel</strong></span> <span class='ocrx_word' id='word_1_119' title='bbox 173 1772 299 1825; x_wconf 90' lang='lat' dir='ltr'><strong>certum</strong></span> <span class='ocrx_word' id='word_1_120' title='bbox 321 1781 440 1844; x_wconf 92' lang='lat' dir='ltr'><strong>corpus</strong></span> <span class='ocrx_word' id='word_1_121' title='bbox 455 1774 514 1827; x_wconf 92' lang='lat' dir='ltr'><strong>aut</strong></span> <span class='ocrx_word' id='word_1_122' title='bbox 528 1763 784 1827; x_wconf 91' lang='lat' dir='ltr'><strong>instrumentum</strong></span> <span class='ocrx_word' id='word_1_123' title='bbox 801 1762 889 1826; x_wconf 94' lang='lat' dir='ltr'><strong>dotis</strong></span> <span class='ocrx_word' id='word_1_124' title='bbox 906 1762 937 1823; x_wconf 95' lang='lat' dir='ltr'><strong>in</strong></span> <span class='ocrx_word' id='word_1_125' title='bbox 954 1759 1177 1844; x_wconf 88' lang='lat' dir='ltr'><strong>praelegando</strong></span> <span class='ocrx_word' id='word_1_126' title='bbox 1193 1761 1251 1823; x_wconf 94' lang='lat' dir='ltr'><strong>de·</strong></span> 
     </span>
     <span class='ocr_line' id='line_1_15' title="bbox 99 1863 1426 1948; baseline -0.004 -20"><span class='ocrx_word' id='word_1_127' title='bbox 99 1875 283 1929; x_wconf 85' lang='lat' dir='ltr'><strong>monstrata</strong></span> <span class='ocrx_word' id='word_1_128' title='bbox 297 1875 384 1940; x_wconf 90' lang='lat' dir='ltr'><strong>sunt,</strong></span> <span class='ocrx_word' id='word_1_129' title='bbox 396 1866 505 1929; x_wconf 91' lang='lat' dir='ltr'><strong>valere</strong></span> <span class='ocrx_word' id='word_1_130' title='bbox 518 1866 674 1948; x_wconf 90' lang='lat' dir='ltr'><strong>legatum.</strong></span> <span class='ocrx_word' id='word_1_131' title='bbox 703 1865 740 1930; x_wconf 89' lang='lat' dir='ltr'><strong>Si</strong></span> <span class='ocrx_word' id='word_1_132' title='bbox 753 1885 803 1928; x_wconf 90' lang='lat' dir='ltr'><strong>res</strong></span> <span class='ocrx_word' id='word_1_133' title='bbox 815 1866 927 1947; x_wconf 85' lang='lat' dir='ltr'><strong>legata</strong></span> <span class='ocrx_word' id='word_1_134' title='bbox 938 1865 1008 1928; x_wconf 90' lang='lat' dir='ltr'><strong>sine</strong></span> <span class='ocrx_word' id='word_1_135' title='bbox 1020 1863 1108 1928; x_wconf 92' lang='lat' dir='ltr'><strong>facto</strong></span> <span class='ocrx_word' id='word_1_136' title='bbox 1120 1863 1251 1927; x_wconf 92' lang='lat' dir='ltr'><strong>heredis</strong></span> <span class='ocrx_word' id='word_1_137' title='bbox 1266 1866 1300 1920; x_wconf 86' lang='grc'><strong>16</strong></span> <span class='ocrx_word' id='word_1_138' title='bbox 1398 1931 1401 1935; x_wconf 49' lang='grc'><em>,</em></span> <span class='ocrx_word' id='word_1_139' title='bbox 1419 1910 1426 1923; x_wconf 94' lang='grc'><strong>.</strong></span> 
     </span>
     <span class='ocr_line' id='line_1_16' title="bbox 99 1967 1252 2051; baseline 0 -20"><span class='ocrx_word' id='word_1_140' title='bbox 99 1968 241 2051; x_wconf 88' lang='lat' dir='ltr'><strong>perierit,</strong></span> <span class='ocrx_word' id='word_1_141' title='bbox 264 1968 422 2050; x_wconf 85' lang='lat' dir='ltr'><strong>legatario</strong></span> <span class='ocrx_word' id='word_1_142' title='bbox 446 1969 586 2033; x_wconf 89' lang='lat' dir='ltr'><strong>decedit.</strong></span> <span class='ocrx_word' id='word_1_143' title='bbox 632 1980 665 2034; x_wconf 90' lang='lat' dir='ltr'><strong>et</strong></span> <span class='ocrx_word' id='word_1_144' title='bbox 692 1970 719 2032; x_wconf 92' lang='lat' dir='ltr'><strong>si</strong></span> <span class='ocrx_word' id='word_1_145' title='bbox 746 1989 859 2032; x_wconf 89' lang='lat' dir='ltr'><strong>servus</strong></span> <span class='ocrx_word' id='word_1_146' title='bbox 882 1967 1008 2032; x_wconf 89' lang='lat' dir='ltr'><strong>alienus</strong></span> <span class='ocrx_word' id='word_1_147' title='bbox 1031 1967 1159 2049; x_wconf 88' lang='lat' dir='ltr'><strong>legatus</strong></span> <span class='ocrx_word' id='word_1_148' title='bbox 1182 1968 1252 2031; x_wconf 92' lang='lat' dir='ltr'><strong>sine</strong></span> 
     </span>
     <span class='ocr_line' id='line_1_17' title="bbox 98 2070 1252 2148; baseline -0.001 -14"><span class='ocrx_word' id='word_1_149' title='bbox 98 2072 191 2136; x_wconf 94' lang='lat' dir='ltr'><strong>facto</strong></span> <span class='ocrx_word' id='word_1_150' title='bbox 213 2072 344 2135; x_wconf 90' lang='lat' dir='ltr'><strong>heredis</strong></span> <span class='ocrx_word' id='word_1_151' title='bbox 367 2075 586 2136; x_wconf 90' lang='lat' dir='ltr'><strong>manumissus</strong></span> <span class='ocrx_word' id='word_1_152' title='bbox 604 2071 713 2148; x_wconf 92' lang='lat' dir='ltr'><strong>fuerit,</strong></span> <span class='ocrx_word' id='word_1_153' title='bbox 736 2092 802 2136; x_wconf 94' lang='lat' dir='ltr'><strong>non</strong></span> <span class='ocrx_word' id='word_1_154' title='bbox 829 2082 961 2137; x_wconf 91' lang='lat' dir='ltr'><strong>tenetur</strong></span> <span class='ocrx_word' id='word_1_155' title='bbox 981 2070 1087 2135; x_wconf 91' lang='lat' dir='ltr'><strong>heres.</strong></span> <span class='ocrx_word' id='word_1_156' title='bbox 1131 2071 1252 2134; x_wconf 90' lang='lat' dir='ltr'><strong>sivero</strong></span> 
     </span>
     <span class='ocr_line' id='line_1_18' title="bbox 100 2174 1252 2258; baseline -0.001 -20"><span class='ocrx_word' id='word_1_157' title='bbox 100 2175 232 2239; x_wconf 88' lang='lat' dir='ltr'><strong>heredis</strong></span> <span class='ocrx_word' id='word_1_158' title='bbox 251 2196 363 2240; x_wconf 91' lang='lat' dir='ltr'><strong>servus</strong></span> <span class='ocrx_word' id='word_1_159' title='bbox 383 2175 514 2258; x_wconf 91' lang='lat' dir='ltr'><strong>legatus</strong></span> <span class='ocrx_word' id='word_1_160' title='bbox 534 2176 631 2241; x_wconf 90' lang='lat' dir='ltr'><strong>fuerit</strong></span> <span class='ocrx_word' id='word_1_161' title='bbox 652 2187 686 2240; x_wconf 90' lang='lat' dir='ltr'><strong>et</strong></span> <span class='ocrx_word' id='word_1_162' title='bbox 708 2177 777 2257; x_wconf 91' lang='lat' dir='ltr'><strong>ipse</strong></span> <span class='ocrx_word' id='word_1_163' title='bbox 798 2196 873 2238; x_wconf 89' lang='lat' dir='ltr'><strong>eum</strong></span> <span class='ocrx_word' id='word_1_164' title='bbox 896 2174 1132 2244; x_wconf 84' lang='lat' dir='ltr'><strong>manumiserit‚</strong></span> <span class='ocrx_word' id='word_1_165' title='bbox 1148 2175 1252 2238; x_wconf 90' lang='lat' dir='ltr'><strong>teneri</strong></span> 
     </span>
     <span class='ocr_line' id='line_1_19' title="bbox 100 2279 1253 2363; baseline -0.002 -19"><span class='ocrx_word' id='word_1_166' title='bbox 100 2301 177 2344; x_wconf 91' lang='lat' dir='ltr'><strong>eum</strong></span> <span class='ocrx_word' id='word_1_167' title='bbox 195 2280 342 2343; x_wconf 91' lang='lat' dir='ltr'><strong>Iulianus</strong></span> <span class='ocrx_word' id='word_1_168' title='bbox 360 2282 498 2363; x_wconf 92' lang='lat' dir='ltr'><strong>scripsit,</strong></span> <span class='ocrx_word' id='word_1_169' title='bbox 516 2302 575 2345; x_wconf 95' lang='lat' dir='ltr'><strong>nec</strong></span> <span class='ocrx_word' id='word_1_170' title='bbox 599 2283 745 2357; x_wconf 90' lang='lat' dir='ltr'><strong>interest,</strong></span> <span class='ocrx_word' id='word_1_171' title='bbox 762 2281 871 2344; x_wconf 90' lang='lat' dir='ltr'><strong>scierit</strong></span> <span class='ocrx_word' id='word_1_172' title='bbox 893 2301 935 2343; x_wconf 90' lang='lat' dir='ltr'><strong>an</strong></span> <span class='ocrx_word' id='word_1_173' title='bbox 954 2279 1151 2362; x_wconf 86' lang='lat' dir='ltr'><strong>ignoraverit</strong></span> <span class='ocrx_word' id='word_1_174' title='bbox 1173 2301 1193 2342; x_wconf 91' lang='lat' dir='ltr'><strong>a</strong></span> <span class='ocrx_word' id='word_1_175' title='bbox 1216 2300 1253 2343; x_wconf 90' lang='lat' dir='ltr'><strong>se</strong></span> 
     </span>
     <span class='ocr_line' id='line_1_20' title="bbox 99 2382 1253 2467; baseline -0.001 -21"><span class='ocrx_word' id='word_1_176' title='bbox 99 2382 249 2467; x_wconf 89' lang='lat' dir='ltr'><strong>legatum</strong></span> <span class='ocrx_word' id='word_1_177' title='bbox 265 2405 347 2448; x_wconf 91' lang='lat' dir='ltr'><strong>esse.</strong></span> <span class='ocrx_word' id='word_1_178' title='bbox 380 2385 485 2448; x_wconf 90' lang='lat' dir='ltr'><strong>sedet</strong></span> <span class='ocrx_word' id='word_1_179' title='bbox 501 2386 528 2448; x_wconf 93' lang='lat' dir='ltr'><strong>si</strong></span> <span class='ocrx_word' id='word_1_180' title='bbox 544 2384 598 2448; x_wconf 92' lang='lat' dir='ltr'><strong>alii</strong></span> <span class='ocrx_word' id='word_1_181' title='bbox 615 2386 788 2450; x_wconf 91' lang='lat' dir='ltr'><strong>donaverit</strong></span> <span class='ocrx_word' id='word_1_182' title='bbox 803 2405 933 2448; x_wconf 86' lang='lat' dir='ltr'><strong>servum</strong></span> <span class='ocrx_word' id='word_1_183' title='bbox 951 2392 985 2449; x_wconf 90' lang='lat' dir='ltr'><strong>et</strong></span> <span class='ocrx_word' id='word_1_184' title='bbox 1001 2385 1028 2447; x_wconf 90' lang='lat' dir='ltr'><strong>is</strong></span> <span class='ocrx_word' id='word_1_185' title='bbox 1043 2384 1094 2447; x_wconf 90' lang='lat' dir='ltr'><strong>cui</strong></span> <span class='ocrx_word' id='word_1_186' title='bbox 1110 2384 1253 2447; x_wconf 91' lang='lat' dir='ltr'><strong>donatus</strong></span> 
     </span>
    </p>
   </div>
   <div class='ocr_carea' id='block_1_4' title="bbox 97 2639 1262 4549">
    <p class='ocr_par' dir='ltr' id='par_1_4' title="bbox 98 2639 1262 4045">
     <span class='ocr_line' id='line_1_21' title="bbox 99 2639 1253 2710; baseline -0.004 -13"><span class='ocrx_word' id='word_1_187' title='bbox 99 2639 255 2708; x_wconf 88' lang='lat' dir='ltr'><strong>condition,</strong></span> <span class='ocrx_word' id='word_1_188' title='bbox 280 2639 303 2694; x_wconf 93' lang='lat' dir='ltr'><strong>is</strong></span> <span class='ocrx_word' id='word_1_189' title='bbox 328 2639 396 2710; x_wconf 89' lang='lat' dir='ltr'><strong>paid</strong></span> <span class='ocrx_word' id='word_1_190' title='bbox 420 2639 517 2694; x_wconf 81' lang='lat' dir='ltr'><strong>before</strong></span> <span class='ocrx_word' id='word_1_191' title='bbox 541 2641 590 2694; x_wconf 89' lang='lat' dir='ltr'><strong>the</strong></span> <span class='ocrx_word' id='word_1_192' title='bbox 616 2639 684 2695; x_wconf 87' lang='lat' dir='ltr'><strong>time</strong></span> <span class='ocrx_word' id='word_1_193' title='bbox 709 2656 741 2693; x_wconf 90' lang='lat' dir='ltr'><strong>or</strong></span> <span class='ocrx_word' id='word_1_194' title='bbox 765 2640 814 2694; x_wconf 91' lang='lat' dir='ltr'><strong>the</strong></span> <span class='ocrx_word' id='word_1_195' title='bbox 842 2657 1012 2695; x_wconf 88' lang='lat' dir='ltr'><strong>occurrence</strong></span> <span class='ocrx_word' id='word_1_196' title='bbox 1036 2639 1069 2693; x_wconf 95' lang='lat' dir='ltr'><strong>of</strong></span> <span class='ocrx_word' id='word_1_197' title='bbox 1093 2640 1141 2694; x_wconf 91' lang='lat' dir='ltr'><strong>the</strong></span> <span class='ocrx_word' id='word_1_198' title='bbox 1170 2648 1253 2693; x_wconf 84' lang='lat' dir='ltr'><strong>event</strong></span> 
     </span>
     <span class='ocr_line' id='line_1_22' title="bbox 99 2722 1254 2794; baseline -0.003 -15"><span class='ocrx_word' id='word_1_199' title='bbox 99 2723 244 2794; x_wconf 88' lang='lat' dir='ltr'><strong>specified,</strong></span> <span class='ocrx_word' id='word_1_200' title='bbox 266 2723 314 2778; x_wconf 90' lang='lat' dir='ltr'><strong>the</strong></span> <span class='ocrx_word' id='word_1_201' title='bbox 336 2722 460 2777; x_wconf 89' lang='lat' dir='ltr'><strong>creditor</strong></span> <span class='ocrx_word' id='word_1_202' title='bbox 479 2723 502 2776; x_wconf 90' lang='lat' dir='ltr'><strong>is</strong></span> <span class='ocrx_word' id='word_1_203' title='bbox 522 2739 573 2792; x_wconf 91' lang='lat' dir='ltr'><strong>pro</strong></span> <span class='ocrx_word' id='word_1_204' title='bbox 592 2734 673 2778; x_wconf 89' lang='lat' dir='ltr'><strong>tanto</strong></span> <span class='ocrx_word' id='word_1_205' title='bbox 692 2724 792 2789; x_wconf 91' lang='lat' dir='ltr'><strong>better,</strong></span> <span class='ocrx_word' id='word_1_206' title='bbox 810 2724 859 2777; x_wconf 89' lang='lat' dir='ltr'><strong>the</strong></span> <span class='ocrx_word' id='word_1_207' title='bbox 878 2723 979 2777; x_wconf 92' lang='lat' dir='ltr'><strong>debtor</strong></span> <span class='ocrx_word' id='word_1_208' title='bbox 998 2740 1049 2792; x_wconf 92' lang='lat' dir='ltr'><strong>pro</strong></span> <span class='ocrx_word' id='word_1_209' title='bbox 1068 2733 1148 2777; x_wconf 88' lang='lat' dir='ltr'><strong>tanto</strong></span> <span class='ocrx_word' id='word_1_210' title='bbox 1165 2739 1254 2776; x_wconf 89' lang='lat' dir='ltr'><strong>worse</strong></span> 
     </span>
     <span class='ocr_line' id='line_1_23' title="bbox 99 2804 1255 2876; baseline -0.003 -15"><span class='ocrx_word' id='word_1_211' title='bbox 99 2807 144 2861; x_wconf 92' lang='lat' dir='ltr'><strong>off</strong></span> <span class='ocrx_word' id='word_1_212' title='bbox 149 2825 156 2861; x_wconf 90' lang='lat'>:</span> <span class='ocrx_word' id='word_1_213' title='bbox 176 2806 231 2861; x_wconf 92' lang='lat' dir='ltr'><strong>this</strong></span> <span class='ocrx_word' id='word_1_214' title='bbox 245 2805 312 2876; x_wconf 90' lang='lat' dir='ltr'><strong>gain</strong></span> <span class='ocrx_word' id='word_1_215' title='bbox 324 2823 356 2860; x_wconf 92' lang='lat' dir='ltr'><strong>or</strong></span> <span class='ocrx_word' id='word_1_216' title='bbox 368 2807 427 2860; x_wconf 89' lang='lat' dir='ltr'><strong>loss</strong></span> <span class='ocrx_word' id='word_1_217' title='bbox 439 2806 462 2860; x_wconf 91' lang='lat' dir='ltr'><strong>is</strong></span> <span class='ocrx_word' id='word_1_218' title='bbox 476 2806 567 2861; x_wconf 90' lang='lat' dir='ltr'><strong>called</strong></span> <span class='ocrx_word' id='word_1_219' title='bbox 580 2805 788 2870; x_wconf 91' lang='lat' dir='ltr'><strong>interusurium,</strong></span> <span class='ocrx_word' id='word_1_220' title='bbox 802 2805 984 2860; x_wconf 89' lang='lat' dir='ltr'><strong>commodum</strong></span> <span class='ocrx_word' id='word_1_221' title='bbox 997 2823 1029 2860; x_wconf 92' lang='lat' dir='ltr'><strong>or</strong></span> <span class='ocrx_word' id='word_1_222' title='bbox 1042 2804 1255 2859; x_wconf 89' lang='lat' dir='ltr'><strong>incommodum</strong></span> 
     </span>
     <span class='ocr_line' id='line_1_24' title="bbox 98 2887 1254 2960; baseline -0.004 -15"><span class='ocrx_word' id='word_1_223' title='bbox 98 2888 375 2960; x_wconf 86' lang='lat' dir='ltr'><strong>repraesentationis,</strong></span> <span class='ocrx_word' id='word_1_224' title='bbox 395 2888 423 2943; x_wconf 93' lang='lat' dir='ltr'><strong>in</strong></span> <span class='ocrx_word' id='word_1_225' title='bbox 448 2889 567 2944; x_wconf 88' lang='lat' dir='ltr'><strong>modern</strong></span> <span class='ocrx_word' id='word_1_226' title='bbox 589 2889 754 2944; x_wconf 89' lang='lat' dir='ltr'><strong>mercantile</strong></span> <span class='ocrx_word' id='word_1_227' title='bbox 779 2889 919 2958; x_wconf 86' lang='lat' dir='ltr'><strong>language</strong></span> <span class='ocrx_word' id='word_1_228' title='bbox 940 2888 1033 2943; x_wconf 90' lang='lat' dir='ltr'><strong>rabatt</strong></span> <span class='ocrx_word' id='word_1_229' title='bbox 1058 2905 1090 2942; x_wconf 95' lang='lat' dir='ltr'><strong>or</strong></span> <span class='ocrx_word' id='word_1_230' title='bbox 1114 2887 1254 2942; x_wconf 90' lang='lat' dir='ltr'><strong>disconto.</strong></span> 
     </span>
     <span class='ocr_line' id='line_1_25' title="bbox 100 2971 1255 3042; baseline -0.003 -15"><span class='ocrx_word' id='word_1_231' title='bbox 100 2974 157 3027; x_wconf 90' lang='lat' dir='ltr'><strong>lfa</strong></span> <span class='ocrx_word' id='word_1_232' title='bbox 170 2982 289 3027; x_wconf 90' lang='lat' dir='ltr'><strong>testator</strong></span> <span class='ocrx_word' id='word_1_233' title='bbox 304 2972 398 3027; x_wconf 88' lang='lat' dir='ltr'><strong>leaves</strong></span> <span class='ocrx_word' id='word_1_234' title='bbox 415 2982 445 3026; x_wconf 94' lang='lat' dir='ltr'><strong>to</strong></span> <span class='ocrx_word' id='word_1_235' title='bbox 458 2989 475 3027; x_wconf 91' lang='lat' dir='ltr'><strong>a</strong></span> <span class='ocrx_word' id='word_1_236' title='bbox 488 2972 632 3042; x_wconf 89' lang='lat' dir='ltr'><strong>supposed</strong></span> <span class='ocrx_word' id='word_1_237' title='bbox 651 2972 774 3027; x_wconf 90' lang='lat' dir='ltr'><strong>creditor</strong></span> <span class='ocrx_word' id='word_1_238' title='bbox 793 2973 840 3027; x_wconf 89' lang='lat' dir='ltr'><strong>the</strong></span> <span class='ocrx_word' id='word_1_239' title='bbox 860 2983 976 3027; x_wconf 89' lang='lat' dir='ltr'><strong>amount</strong></span> <span class='ocrx_word' id='word_1_240' title='bbox 993 2974 1025 3027; x_wconf 92' lang='lat' dir='ltr'><strong>of</strong></span> <span class='ocrx_word' id='word_1_241' title='bbox 1033 2990 1051 3026; x_wconf 90' lang='lat' dir='ltr'><strong>a</strong></span> <span class='ocrx_word' id='word_1_242' title='bbox 1063 2971 1255 3026; x_wconf 86' lang='lat' dir='ltr'><strong>non-existent</strong></span> 
     </span>
     <span class='ocr_line' id='line_1_26' title="bbox 99 3054 1254 3126; baseline -0.001 -16"><span class='ocrx_word' id='word_1_243' title='bbox 99 3054 177 3124; x_wconf 89' lang='lat' dir='ltr'><strong>debt‚</strong></span> <span class='ocrx_word' id='word_1_244' title='bbox 202 3056 251 3109; x_wconf 91' lang='lat' dir='ltr'><strong>the</strong></span> <span class='ocrx_word' id='word_1_245' title='bbox 271 3055 370 3125; x_wconf 90' lang='lat' dir='ltr'><strong>legacy</strong></span> <span class='ocrx_word' id='word_1_246' title='bbox 391 3055 415 3109; x_wconf 93' lang='lat' dir='ltr'><strong>is</strong></span> <span class='ocrx_word' id='word_1_247' title='bbox 439 3055 506 3109; x_wconf 89' lang='lat' dir='ltr'><strong>void</strong></span> <span class='ocrx_word' id='word_1_248' title='bbox 528 3055 552 3109; x_wconf 94' lang='lat' dir='ltr'><strong>if</strong></span> <span class='ocrx_word' id='word_1_249' title='bbox 570 3057 619 3111; x_wconf 92' lang='lat' dir='ltr'><strong>the</strong></span> <span class='ocrx_word' id='word_1_250' title='bbox 640 3056 708 3111; x_wconf 90' lang='lat' dir='ltr'><strong>debt</strong></span> <span class='ocrx_word' id='word_1_251' title='bbox 731 3056 755 3110; x_wconf 87' lang='lat' dir='ltr'><strong>is</strong></span> <span class='ocrx_word' id='word_1_252' title='bbox 777 3056 880 3126; x_wconf 93' lang='lat' dir='ltr'><strong>simply</strong></span> <span class='ocrx_word' id='word_1_253' title='bbox 902 3056 1025 3111; x_wconf 85' lang='lat' dir='ltr'><strong>referred</strong></span> <span class='ocrx_word' id='word_1_254' title='bbox 1047 3067 1086 3123; x_wconf 91' lang='lat' dir='ltr'><strong>to,</strong></span> <span class='ocrx_word' id='word_1_255' title='bbox 1106 3056 1155 3111; x_wconf 88' lang='lat' dir='ltr'><strong>but</strong></span> <span class='ocrx_word' id='word_1_256' title='bbox 1176 3055 1200 3109; x_wconf 92' lang='lat' dir='ltr'><strong>if</strong></span> <span class='ocrx_word' id='word_1_257' title='bbox 1218 3055 1254 3109; x_wconf 90' lang='lat' dir='ltr'><strong>its</strong></span> 
     </span>
     <span class='ocr_line' id='line_1_27' title="bbox 98 3138 1254 3209; baseline -0.001 -15"><span class='ocrx_word' id='word_1_258' title='bbox 98 3150 216 3194; x_wconf 91' lang='lat' dir='ltr'><strong>amount</strong></span> <span class='ocrx_word' id='word_1_259' title='bbox 239 3139 263 3194; x_wconf 92' lang='lat' dir='ltr'><strong>is</strong></span> <span class='ocrx_word' id='word_1_260' title='bbox 285 3139 389 3208; x_wconf 88' lang='lat' dir='ltr'><strong>clearly</strong></span> <span class='ocrx_word' id='word_1_261' title='bbox 411 3139 546 3209; x_wconf 89' lang='lat' dir='ltr'><strong>specified</strong></span> <span class='ocrx_word' id='word_1_262' title='bbox 568 3139 589 3195; x_wconf 87' lang='lat' dir='ltr'><strong>it</strong></span> <span class='ocrx_word' id='word_1_263' title='bbox 609 3157 663 3194; x_wconf 88' lang='lat' dir='ltr'><strong>can</strong></span> <span class='ocrx_word' id='word_1_264' title='bbox 685 3140 721 3194; x_wconf 91' lang='lat' dir='ltr'><strong>be</strong></span> <span class='ocrx_word' id='word_1_265' title='bbox 744 3139 874 3208; x_wconf 90' lang='lat' dir='ltr'><strong>claimed,</strong></span> <span class='ocrx_word' id='word_1_266' title='bbox 897 3140 936 3194; x_wconf 89' lang='lat' dir='ltr'><strong>‘si</strong></span> <span class='ocrx_word' id='word_1_267' title='bbox 959 3140 1060 3195; x_wconf 89' lang='lat' dir='ltr'><strong>decem</strong></span> <span class='ocrx_word' id='word_1_268' title='bbox 1083 3157 1156 3208; x_wconf 89' lang='lat' dir='ltr'><strong>quae</strong></span> <span class='ocrx_word' id='word_1_269' title='bbox 1179 3138 1254 3194; x_wconf 90' lang='lat' dir='ltr'><strong>Titio</strong></span> 
     </span>
     <span class='ocr_line' id='line_1_28' title="bbox 99 3223 1254 3293; baseline -0.002 -15"><span class='ocrx_word' id='word_1_270' title='bbox 99 3224 194 3278; x_wconf 88' lang='lat' dir='ltr'><strong>debeo</strong></span> <span class='ocrx_word' id='word_1_271' title='bbox 214 3224 345 3293; x_wconf 86' lang='lat' dir='ltr'><strong>legavero</strong></span> <span class='ocrx_word' id='word_1_272' title='bbox 364 3240 418 3278; x_wconf 90' lang='lat' dir='ltr'><strong>nec</strong></span> <span class='ocrx_word' id='word_1_273' title='bbox 440 3223 592 3293; x_wconf 89' lang='lat' dir='ltr'><strong>quicquam</strong></span> <span class='ocrx_word' id='word_1_274' title='bbox 614 3224 744 3292; x_wconf 91' lang='lat' dir='ltr'><strong>debeam,</strong></span> <span class='ocrx_word' id='word_1_275' title='bbox 767 3224 839 3279; x_wconf 88' lang='lat' dir='ltr'><strong>falsa</strong></span> <span class='ocrx_word' id='word_1_276' title='bbox 861 3224 1068 3279; x_wconf 86' lang='lat' dir='ltr'><strong>demonstratio</strong></span> <span class='ocrx_word' id='word_1_277' title='bbox 1091 3225 1117 3292; x_wconf 59' lang='grc' dir='ltr'><strong>(ξ</strong></span> <span class='ocrx_word' id='word_1_278' title='bbox 1141 3239 1176 3291; x_wconf 83' lang='lat'><strong>30</strong></span> <span class='ocrx_word' id='word_1_279' title='bbox 1195 3223 1254 3290; x_wconf 91' lang='lat' dir='ltr'><strong>inf.)</strong></span> 
     </span>
     <span class='ocr_line' id='line_1_29' title="bbox 98 3307 1255 3378; baseline 0 -17"><span class='ocrx_word' id='word_1_280' title='bbox 98 3323 157 3361; x_wconf 90' lang='lat' dir='ltr'><strong>non</strong></span> <span class='ocrx_word' id='word_1_281' title='bbox 182 3307 293 3376; x_wconf 86' lang='lat' dir='ltr'><strong>perimit</strong></span> <span class='ocrx_word' id='word_1_282' title='bbox 314 3308 454 3377; x_wconf 85' lang='lat' dir='ltr'><strong>legatum&#39;</strong></span> <span class='ocrx_word' id='word_1_283' title='bbox 479 3307 545 3377; x_wconf 85' lang='lat' dir='ltr'><strong>Dig.</strong></span> <span class='ocrx_word' id='word_1_284' title='bbox 564 3323 606 3376; x_wconf 85' lang='lat'><strong>30.</strong></span> <span class='ocrx_word' id='word_1_285' title='bbox 621 3321 662 3378; x_wconf 82' lang='lat'><strong>75.</strong></span> <span class='ocrx_word' id='word_1_286' title='bbox 679 3323 702 3376; x_wconf 88' lang='lat'><strong>1,</strong></span> <span class='ocrx_word' id='word_1_287' title='bbox 721 3308 755 3362; x_wconf 90' lang='lat' dir='ltr'><strong>cf.</strong></span> <span class='ocrx_word' id='word_1_288' title='bbox 771 3307 836 3375; x_wconf 85' lang='lat' dir='ltr'><strong>Dig.</strong></span> <span class='ocrx_word' id='word_1_289' title='bbox 852 3322 893 3375; x_wconf 85' lang='lat'><strong>31.</strong></span> <span class='ocrx_word' id='word_1_290' title='bbox 908 3310 951 3363; x_wconf 88' lang='lat'><strong>88.</strong></span> <span class='ocrx_word' id='word_1_291' title='bbox 969 3323 1008 3375; x_wconf 89' lang='lat' dir='ltr'><strong>to,</strong></span> <span class='ocrx_word' id='word_1_292' title='bbox 1033 3309 1090 3362; x_wconf 86' lang='lat' dir='ltr'><strong>and</strong></span> <span class='ocrx_word' id='word_1_293' title='bbox 1115 3308 1163 3361; x_wconf 89' lang='lat' dir='ltr'><strong>the</strong></span> <span class='ocrx_word' id='word_1_294' title='bbox 1188 3317 1255 3361; x_wconf 88' lang='lat' dir='ltr'><strong>next</strong></span> 
     </span>
     <span class='ocr_line' id='line_1_30' title="bbox 98 3389 1255 3461; baseline 0 -17"><span class='ocrx_word' id='word_1_295' title='bbox 98 3389 208 3445; x_wconf 87' lang='lat' dir='ltr'><strong>section</strong></span> <span class='ocrx_word' id='word_1_296' title='bbox 221 3392 254 3445; x_wconf 96' lang='lat' dir='ltr'><strong>of</strong></span> <span class='ocrx_word' id='word_1_297' title='bbox 268 3391 324 3446; x_wconf 86' lang='lat' dir='ltr'><strong>this</strong></span> <span class='ocrx_word' id='word_1_298' title='bbox 337 3391 419 3447; x_wconf 90' lang='lat' dir='ltr'><strong>Title.</strong></span> <span class='ocrx_word' id='word_1_299' title='bbox 457 3392 518 3446; x_wconf 90' lang='lat' dir='ltr'><strong>The</strong></span> <span class='ocrx_word' id='word_1_300' title='bbox 538 3392 665 3446; x_wconf 91' lang='lat' dir='ltr'><strong>doctrine</strong></span> <span class='ocrx_word' id='word_1_301' title='bbox 684 3392 717 3446; x_wconf 92' lang='lat' dir='ltr'><strong>of</strong></span> <span class='ocrx_word' id='word_1_302' title='bbox 726 3391 866 3461; x_wconf 90' lang='lat' dir='ltr'><strong>Papinian</strong></span> <span class='ocrx_word' id='word_1_303' title='bbox 884 3393 951 3447; x_wconf 92' lang='lat' dir='ltr'><strong>here</strong></span> <span class='ocrx_word' id='word_1_304' title='bbox 970 3392 1063 3446; x_wconf 89' lang='lat' dir='ltr'><strong>stated</strong></span> <span class='ocrx_word' id='word_1_305' title='bbox 1084 3391 1107 3445; x_wconf 93' lang='lat' dir='ltr'><strong>is</strong></span> <span class='ocrx_word' id='word_1_306' title='bbox 1127 3402 1175 3446; x_wconf 93' lang='lat' dir='ltr'><strong>not</strong></span> <span class='ocrx_word' id='word_1_307' title='bbox 1195 3390 1255 3445; x_wconf 93' lang='lat' dir='ltr'><strong>uni·</strong></span> 
     </span>
     <span class='ocr_line' id='line_1_31' title="bbox 98 3474 1253 3544; baseline 0 -16"><span class='ocrx_word' id='word_1_308' title='bbox 98 3475 220 3543; x_wconf 84' lang='lat' dir='ltr'><strong>versally</strong></span> <span class='ocrx_word' id='word_1_309' title='bbox 232 3474 399 3544; x_wconf 88' lang='lat' dir='ltr'><strong>recognised</strong></span> <span class='ocrx_word' id='word_1_310' title='bbox 418 3474 446 3529; x_wconf 93' lang='lat' dir='ltr'><strong>in</strong></span> <span class='ocrx_word' id='word_1_311' title='bbox 465 3475 514 3529; x_wconf 93' lang='lat' dir='ltr'><strong>the</strong></span> <span class='ocrx_word' id='word_1_312' title='bbox 535 3476 644 3544; x_wconf 90' lang='lat' dir='ltr'><strong>Corpus</strong></span> <span class='ocrx_word' id='word_1_313' title='bbox 660 3474 743 3542; x_wconf 84' lang='lat' dir='ltr'><strong>iuris3</strong></span> <span class='ocrx_word' id='word_1_314' title='bbox 761 3475 782 3529; x_wconf 94' lang='lat' dir='ltr'><strong>it</strong></span> <span class='ocrx_word' id='word_1_315' title='bbox 802 3475 825 3529; x_wconf 90' lang='lat' dir='ltr'><strong>is</strong></span> <span class='ocrx_word' id='word_1_316' title='bbox 844 3475 1000 3529; x_wconf 87' lang='lat' dir='ltr'><strong>confirmed</strong></span> <span class='ocrx_word' id='word_1_317' title='bbox 1020 3476 1057 3543; x_wconf 94' lang='lat' dir='ltr'><strong>by</strong></span> <span class='ocrx_word' id='word_1_318' title='bbox 1074 3474 1139 3542; x_wconf 86' lang='lat' dir='ltr'><strong>Dig.</strong></span> <span class='ocrx_word' id='word_1_319' title='bbox 1156 3487 1253 3542; x_wconf 68' lang='lat'><strong>50.17,</strong></span> 
     </span>
     <span class='ocr_line' id='line_1_32' title="bbox 98 3558 1262 3628; baseline -0.002 -15"><span class='ocrx_word' id='word_1_320' title='bbox 98 3559 141 3627; x_wconf 83' lang='lat'><strong>85.</strong></span> <span class='ocrx_word' id='word_1_321' title='bbox 159 3573 181 3627; x_wconf 92' lang='lat'><strong>1,</strong></span> <span class='ocrx_word' id='word_1_322' title='bbox 198 3558 248 3613; x_wconf 90' lang='lat' dir='ltr'><strong>but</strong></span> <span class='ocrx_word' id='word_1_323' title='bbox 268 3558 291 3611; x_wconf 92' lang='lat' dir='ltr'><strong>is</strong></span> <span class='ocrx_word' id='word_1_324' title='bbox 313 3558 517 3625; x_wconf 87' lang='lat' dir='ltr'><strong>contradicted,</strong></span> <span class='ocrx_word' id='word_1_325' title='bbox 537 3558 565 3612; x_wconf 93' lang='lat' dir='ltr'><strong>in</strong></span> <span class='ocrx_word' id='word_1_326' title='bbox 585 3559 621 3613; x_wconf 90' lang='lat' dir='ltr'><strong>its</strong></span> <span class='ocrx_word' id='word_1_327' title='bbox 641 3559 756 3628; x_wconf 88' lang='lat' dir='ltr'><strong>general</strong></span> <span class='ocrx_word' id='word_1_328' title='bbox 775 3559 855 3627; x_wconf 90' lang='lat' dir='ltr'><strong>form,</strong></span> <span class='ocrx_word' id='word_1_329' title='bbox 875 3558 904 3612; x_wconf 94' lang='lat' dir='ltr'><strong>in</strong></span> <span class='ocrx_word' id='word_1_330' title='bbox 925 3558 990 3628; x_wconf 86' lang='lat' dir='ltr'><strong>Dig.</strong></span> <span class='ocrx_word' id='word_1_331' title='bbox 1005 3572 1048 3625; x_wconf 82' lang='lat'><strong>34.</strong></span> <span class='ocrx_word' id='word_1_332' title='bbox 1062 3560 1087 3612; x_wconf 92' lang='lat'><strong>8.</strong></span> <span class='ocrx_word' id='word_1_333' title='bbox 1101 3573 1126 3626; x_wconf 86' lang='lat'><strong>3.</strong></span> <span class='ocrx_word' id='word_1_334' title='bbox 1141 3573 1156 3611; x_wconf 84' lang='lat'><em>2</em></span> <span class='ocrx_word' id='word_1_335' title='bbox 1170 3558 1262 3611; x_wconf 84' lang='lat' dir='ltr'><strong>‘nam-</strong></span> 
     </span>
     <span class='ocr_line' id='line_1_33' title="bbox 98 3640 1254 3712; baseline -0.002 -17"><span class='ocrx_word' id='word_1_336' title='bbox 98 3640 217 3712; x_wconf 87' lang='lat' dir='ltr'><strong>quaein</strong></span> <span class='ocrx_word' id='word_1_337' title='bbox 236 3658 300 3695; x_wconf 89' lang='lat' dir='ltr'><strong>eam</strong></span> <span class='ocrx_word' id='word_1_338' title='bbox 315 3658 430 3696; x_wconf 88' lang='lat' dir='ltr'><strong>causam</strong></span> <span class='ocrx_word' id='word_1_339' title='bbox 450 3653 637 3712; x_wconf 90' lang='lat' dir='ltr'><strong>pervenerunt</strong></span> <span class='ocrx_word' id='word_1_340' title='bbox 657 3659 744 3711; x_wconf 90' lang='lat' dir='ltr'><strong>aqua</strong></span> <span class='ocrx_word' id='word_1_341' title='bbox 762 3640 887 3711; x_wconf 89' lang='lat' dir='ltr'><strong>incipere</strong></span> <span class='ocrx_word' id='word_1_342' title='bbox 904 3657 961 3696; x_wconf 88' lang='lat' dir='ltr'><strong>non</strong></span> <span class='ocrx_word' id='word_1_343' title='bbox 979 3651 1109 3710; x_wconf 88' lang='lat' dir='ltr'><strong>poterant</strong></span> <span class='ocrx_word' id='word_1_344' title='bbox 1128 3658 1179 3711; x_wconf 92' lang='lat' dir='ltr'><strong>pro</strong></span> <span class='ocrx_word' id='word_1_345' title='bbox 1198 3657 1254 3694; x_wconf 93' lang='lat' dir='ltr'><strong>non</strong></span> 
     </span>
     <span class='ocr_line' id='line_1_34' title="bbox 98 3724 1255 3795; baseline -0.001 -16"><span class='ocrx_word' id='word_1_346' title='bbox 98 3724 211 3794; x_wconf 87' lang='lat' dir='ltr'><strong>scriptis</strong></span> <span class='ocrx_word' id='word_1_347' title='bbox 233 3724 388 3793; x_wconf 89' lang='lat' dir='ltr'><strong>habentur,¹</strong></span> <span class='ocrx_word' id='word_1_348' title='bbox 409 3724 467 3780; x_wconf 90' lang='lat' dir='ltr'><strong>and</strong></span> <span class='ocrx_word' id='word_1_349' title='bbox 489 3725 517 3779; x_wconf 93' lang='lat' dir='ltr'><strong>in</strong></span> <span class='ocrx_word' id='word_1_350' title='bbox 540 3725 576 3779; x_wconf 89' lang='lat' dir='ltr'><strong>its</strong></span> <span class='ocrx_word' id='word_1_351' title='bbox 598 3725 751 3795; x_wconf 89' lang='lat' dir='ltr'><strong>particular</strong></span> <span class='ocrx_word' id='word_1_352' title='bbox 770 3725 943 3795; x_wconf 89' lang='lat' dir='ltr'><strong>application</strong></span> <span class='ocrx_word' id='word_1_353' title='bbox 968 3725 996 3779; x_wconf 94' lang='lat' dir='ltr'><strong>in</strong></span> <span class='ocrx_word' id='word_1_354' title='bbox 1021 3725 1086 3793; x_wconf 90' lang='lat' dir='ltr'><strong>Dig.</strong></span> <span class='ocrx_word' id='word_1_355' title='bbox 1101 3740 1142 3793; x_wconf 84' lang='lat'><strong>31.</strong></span> <span class='ocrx_word' id='word_1_356' title='bbox 1157 3726 1200 3779; x_wconf 93' lang='lat'><strong>82.</strong></span> <span class='ocrx_word' id='word_1_357' title='bbox 1214 3740 1255 3792; x_wconf 91' lang='lat' dir='ltr'><strong>pr.</strong></span> 
     </span>
     <span class='ocr_line' id='line_1_35' title="bbox 99 3807 1255 3879; baseline -0.002 -16"><span class='ocrx_word' id='word_1_358' title='bbox 99 3807 228 3876; x_wconf 89' lang='lat' dir='ltr'><strong>(Paulus)</strong></span> <span class='ocrx_word' id='word_1_359' title='bbox 255 3807 423 3864; x_wconf 89' lang='lat' dir='ltr'><strong>‘dicendum</strong></span> <span class='ocrx_word' id='word_1_360' title='bbox 448 3808 500 3863; x_wconf 89' lang='lat' dir='ltr'><strong>erit</strong></span> <span class='ocrx_word' id='word_1_361' title='bbox 530 3808 627 3863; x_wconf 91' lang='lat' dir='ltr'><strong>inutile</strong></span> <span class='ocrx_word' id='word_1_362' title='bbox 652 3808 724 3863; x_wconf 88' lang='lat' dir='ltr'><strong>effici</strong></span> <span class='ocrx_word' id='word_1_363' title='bbox 750 3808 884 3878; x_wconf 89' lang='lat' dir='ltr'><strong>legatum,</strong></span> <span class='ocrx_word' id='word_1_364' title='bbox 905 3826 1067 3879; x_wconf 89' lang='lat' dir='ltr'><strong>quanquam</strong></span> <span class='ocrx_word' id='word_1_365' title='bbox 1098 3807 1255 3862; x_wconf 89' lang='lat' dir='ltr'><strong>constiterit</strong></span> 
     </span>
     <span class='ocr_line' id='line_1_36' title="bbox 99 3891 1256 3960; baseline -0.002 -13"><span class='ocrx_word' id='word_1_366' title='bbox 99 3891 136 3947; x_wconf 91' lang='lat' dir='ltr'><strong>ab</strong></span> <span class='ocrx_word' id='word_1_367' title='bbox 155 3891 252 3946; x_wconf 67' lang='lat' dir='ltr'><strong>initio!</strong></span> <span class='ocrx_word' id='word_1_368' title='bbox 288 3893 345 3947; x_wconf 89' lang='lat' dir='ltr'><strong>For</strong></span> <span class='ocrx_word' id='word_1_369' title='bbox 363 3892 411 3947; x_wconf 89' lang='lat' dir='ltr'><strong>the</strong></span> <span class='ocrx_word' id='word_1_370' title='bbox 429 3891 570 3946; x_wconf 87' lang='lat' dir='ltr'><strong>technical</strong></span> <span class='ocrx_word' id='word_1_371' title='bbox 588 3892 722 3960; x_wconf 87' lang='lat' dir='ltr'><strong>meaning</strong></span> <span class='ocrx_word' id='word_1_372' title='bbox 739 3892 771 3946; x_wconf 97' lang='lat' dir='ltr'><strong>of</strong></span> <span class='ocrx_word' id='word_1_373' title='bbox 784 3891 845 3946; x_wconf 88' lang='lat' dir='ltr'><strong>dies</strong></span> <span class='ocrx_word' id='word_1_374' title='bbox 863 3892 940 3947; x_wconf 90' lang='lat' dir='ltr'><strong>venit</strong></span> <span class='ocrx_word' id='word_1_375' title='bbox 960 3892 988 3945; x_wconf 92' lang='lat' dir='ltr'><strong>in</strong></span> <span class='ocrx_word' id='word_1_376' title='bbox 1008 3891 1175 3946; x_wconf 87' lang='lat' dir='ltr'><strong>connection</strong></span> <span class='ocrx_word' id='word_1_377' title='bbox 1189 3891 1256 3946; x_wconf 91' lang='lat' dir='ltr'><strong>with</strong></span> 
     </span>
     <span class='ocr_line' id='line_1_37' title="bbox 99 3973 523 4045; baseline 0 -15"><span class='ocrx_word' id='word_1_378' title='bbox 99 3974 273 4044; x_wconf 88' lang='lat' dir='ltr'><strong>obligations</strong></span> <span class='ocrx_word' id='word_1_379' title='bbox 285 3992 333 4029; x_wconf 91' lang='lat' dir='ltr'><strong>see</strong></span> <span class='ocrx_word' id='word_1_380' title='bbox 346 3992 384 4029; x_wconf 94' lang='lat' dir='ltr'><strong>on</strong></span> <span class='ocrx_word' id='word_1_381' title='bbox 399 3973 413 4045; x_wconf 84' lang='lat'>§</span> <span class='ocrx_word' id='word_1_382' title='bbox 429 3990 464 4029; x_wconf 91' lang='lat'><strong>20</strong></span> <span class='ocrx_word' id='word_1_383' title='bbox 476 3975 523 4030; x_wconf 90' lang='lat' dir='ltr'><strong>inf.</strong></span> 
     </span>
    </p>

    <p class='ocr_par' dir='ltr' id='par_1_5' title="bbox 97 4057 1256 4549">
     <span class='ocr_line' id='line_1_38' title="bbox 136 4057 1255 4131; baseline -0.002 -16"><span class='ocrx_word' id='word_1_384' title='bbox 136 4059 211 4131; x_wconf 65' lang='lat' dir='ltr'><strong>§to</strong></span> <span class='ocrx_word' id='word_1_385' title='bbox 229 4061 292 4115; x_wconf 83' lang='lat' dir='ltr'><strong>The</strong></span> <span class='ocrx_word' id='word_1_386' title='bbox 311 4060 486 4129; x_wconf 87' lang='lat' dir='ltr'><strong>advantages</strong></span> <span class='ocrx_word' id='word_1_387' title='bbox 505 4060 537 4114; x_wconf 97' lang='lat' dir='ltr'><strong>of</strong></span> <span class='ocrx_word' id='word_1_388' title='bbox 552 4060 601 4114; x_wconf 91' lang='lat' dir='ltr'><strong>the</strong></span> <span class='ocrx_word' id='word_1_389' title='bbox 620 4058 715 4113; x_wconf 90' lang='lat' dir='ltr'><strong>action</strong></span> <span class='ocrx_word' id='word_1_390' title='bbox 734 4076 772 4113; x_wconf 92' lang='lat' dir='ltr'><strong>on</strong></span> <span class='ocrx_word' id='word_1_391' title='bbox 791 4060 840 4114; x_wconf 91' lang='lat' dir='ltr'><strong>the</strong></span> <span class='ocrx_word' id='word_1_392' title='bbox 859 4059 959 4128; x_wconf 90' lang='lat' dir='ltr'><strong>legacy</strong></span> <span class='ocrx_word' id='word_1_393' title='bbox 971 4076 1039 4113; x_wconf 88' lang='lat' dir='ltr'><strong>over</strong></span> <span class='ocrx_word' id='word_1_394' title='bbox 1057 4059 1106 4113; x_wconf 92' lang='lat' dir='ltr'><strong>the</strong></span> <span class='ocrx_word' id='word_1_395' title='bbox 1125 4057 1200 4112; x_wconf 92' lang='lat' dir='ltr'><strong>actio</strong></span> <span class='ocrx_word' id='word_1_396' title='bbox 1219 4058 1255 4113; x_wconf 93' lang='lat' dir='ltr'><strong>de</strong></span> 
     </span>
     <span class='ocr_line' id='line_1_39' title="bbox 99 4141 1256 4211; baseline -0.003 -13"><span class='ocrx_word' id='word_1_397' title='bbox 99 4144 167 4199; x_wconf 87' lang='lat' dir='ltr'><strong>dote</strong></span> <span class='ocrx_word' id='word_1_398' title='bbox 180 4161 252 4199; x_wconf 83' lang='lat' dir='ltr'><strong>were</strong></span> <span class='ocrx_word' id='word_1_399' title='bbox 264 4145 326 4199; x_wconf 89' lang='lat' dir='ltr'><strong>that</strong></span> <span class='ocrx_word' id='word_1_400' title='bbox 338 4145 387 4199; x_wconf 90' lang='lat' dir='ltr'><strong>the</strong></span> <span class='ocrx_word' id='word_1_401' title='bbox 400 4143 461 4198; x_wconf 90' lang='lat' dir='ltr'><strong>heir</strong></span> <span class='ocrx_word' id='word_1_402' title='bbox 474 4144 557 4198; x_wconf 90' lang='lat' dir='ltr'><strong>could</strong></span> <span class='ocrx_word' id='word_1_403' title='bbox 572 4154 622 4197; x_wconf 88' lang='lat' dir='ltr'><strong>not</strong></span> <span class='ocrx_word' id='word_1_404' title='bbox 636 4143 720 4197; x_wconf 91' lang='lat' dir='ltr'><strong>claim</strong></span> <span class='ocrx_word' id='word_1_405' title='bbox 733 4145 782 4197; x_wconf 89' lang='lat' dir='ltr'><strong>the</strong></span> <span class='ocrx_word' id='word_1_406' title='bbox 795 4153 935 4211; x_wconf 89' lang='lat' dir='ltr'><strong>statutory</strong></span> <span class='ocrx_word' id='word_1_407' title='bbox 948 4142 1066 4197; x_wconf 89' lang='lat' dir='ltr'><strong>interval</strong></span> <span class='ocrx_word' id='word_1_408' title='bbox 1080 4141 1112 4195; x_wconf 93' lang='lat' dir='ltr'><strong>of</strong></span> <span class='ocrx_word' id='word_1_409' title='bbox 1121 4158 1175 4195; x_wconf 89' lang='lat' dir='ltr'><strong>one</strong></span> <span class='ocrx_word' id='word_1_410' title='bbox 1188 4158 1256 4209; x_wconf 89' lang='lat' dir='ltr'><strong>year</strong></span> 
     </span>
     <span class='ocr_line' id='line_1_40' title="bbox 97 4223 1256 4295; baseline -0.004 -13"><span class='ocrx_word' id='word_1_411' title='bbox 97 4227 196 4282; x_wconf 79' lang='lat' dir='ltr'><strong>before</strong></span> <span class='ocrx_word' id='word_1_412' title='bbox 212 4226 380 4295; x_wconf 84' lang='lat' dir='ltr'><strong>restitution,</strong></span> <span class='ocrx_word' id='word_1_413' title='bbox 393 4225 484 4280; x_wconf 84' lang='lat' dir='ltr'><strong>which</strong></span> <span class='ocrx_word' id='word_1_414' title='bbox 498 4243 555 4280; x_wconf 91' lang='lat' dir='ltr'><strong>was</strong></span> <span class='ocrx_word' id='word_1_415' title='bbox 572 4226 691 4280; x_wconf 88' lang='lat' dir='ltr'><strong>allowed</strong></span> <span class='ocrx_word' id='word_1_416' title='bbox 710 4225 739 4280; x_wconf 95' lang='lat' dir='ltr'><strong>in</strong></span> <span class='ocrx_word' id='word_1_417' title='bbox 758 4225 891 4294; x_wconf 89' lang='lat' dir='ltr'><strong>ordinary</strong></span> <span class='ocrx_word' id='word_1_418' title='bbox 904 4241 985 4279; x_wconf 88' lang='lat' dir='ltr'><strong>cases</strong></span> <span class='ocrx_word' id='word_1_419' title='bbox 1000 4223 1101 4293; x_wconf 90' lang='lat' dir='ltr'><strong>(which</strong></span> <span class='ocrx_word' id='word_1_420' title='bbox 1118 4224 1256 4294; x_wconf 89' lang='lat' dir='ltr'><strong>probably</strong></span> 
     </span>
     <span class='ocr_line' id='line_1_41' title="bbox 99 4306 1254 4380; baseline -0.004 -15"><span class='ocrx_word' id='word_1_421' title='bbox 99 4310 123 4366; x_wconf 87' lang='lat' dir='ltr'><strong>is</strong></span> <span class='ocrx_word' id='word_1_422' title='bbox 145 4309 194 4365; x_wconf 89' lang='lat' dir='ltr'><strong>the</strong></span> <span class='ocrx_word' id='word_1_423' title='bbox 210 4310 390 4380; x_wconf 88' lang='lat' dir='ltr'><strong>explanation</strong></span> <span class='ocrx_word' id='word_1_424' title='bbox 408 4310 440 4364; x_wconf 94' lang='lat' dir='ltr'><strong>of</strong></span> <span class='ocrx_word' id='word_1_425' title='bbox 455 4310 650 4379; x_wconf 87' lang='lat' dir='ltr'><strong>‘praelegare,’</strong></span> <span class='ocrx_word' id='word_1_426' title='bbox 668 4326 701 4363; x_wconf 86' lang='lat' dir='ltr'><strong>so</strong></span> <span class='ocrx_word' id='word_1_427' title='bbox 723 4326 856 4363; x_wconf 92' lang='lat' dir='ltr'><strong>common</strong></span> <span class='ocrx_word' id='word_1_428' title='bbox 875 4307 904 4363; x_wconf 89' lang='lat' dir='ltr'><strong>in</strong></span> <span class='ocrx_word' id='word_1_429' title='bbox 923 4308 978 4363; x_wconf 90' lang='lat' dir='ltr'><strong>this</strong></span> <span class='ocrx_word' id='word_1_430' title='bbox 998 4307 1070 4362; x_wconf 92' lang='lat' dir='ltr'><strong>form</strong></span> <span class='ocrx_word' id='word_1_431' title='bbox 1087 4307 1120 4362; x_wconf 92' lang='lat' dir='ltr'><strong>of</strong></span> <span class='ocrx_word' id='word_1_432' title='bbox 1134 4306 1254 4376; x_wconf 85' lang='lat' dir='ltr'><strong>legacy)‚</strong></span> 
     </span>
     <span class='ocr_line' id='line_1_42' title="bbox 99 4389 1255 4463; baseline -0.002 -17"><span class='ocrx_word' id='word_1_433' title='bbox 99 4392 168 4463; x_wconf 82' lang='lat' dir='ltr'><strong>Dig.</strong></span> <span class='ocrx_word' id='word_1_434' title='bbox 181 4407 223 4462; x_wconf 70' lang='lat'><strong>33„</strong></span> <span class='ocrx_word' id='word_1_435' title='bbox 236 4408 263 4461; x_wconf 77' lang='lat'><em>4</em></span> <span class='ocrx_word' id='word_1_436' title='bbox 279 4408 301 4449; x_wconf 90' lang='lat'><strong>1.</strong></span> <span class='ocrx_word' id='word_1_437' title='bbox 315 4408 340 4461; x_wconf 90' lang='lat'><strong>2,</strong></span> <span class='ocrx_word' id='word_1_438' title='bbox 352 4393 410 4449; x_wconf 88' lang='lat' dir='ltr'><strong>and</strong></span> <span class='ocrx_word' id='word_1_439' title='bbox 429 4394 490 4447; x_wconf 87' lang='lat' dir='ltr'><strong>that</strong></span> <span class='ocrx_word' id='word_1_440' title='bbox 510 4393 617 4448; x_wconf 89' lang='lat' dir='ltr'><strong>certain</strong></span> <span class='ocrx_word' id='word_1_441' title='bbox 634 4393 750 4448; x_wconf 82' lang='lat' dir='ltr'><strong>sets-off</strong></span> <span class='ocrx_word' id='word_1_442' title='bbox 762 4410 835 4450; x_wconf 89' lang='lat' dir='ltr'><strong>were</strong></span> <span class='ocrx_word' id='word_1_443' title='bbox 854 4391 992 4448; x_wconf 85' lang='lat' dir='ltr'><strong>excluded</strong></span> <span class='ocrx_word' id='word_1_444' title='bbox 1007 4390 1100 4446; x_wconf 91' lang='lat' dir='ltr'><strong>which</strong></span> <span class='ocrx_word' id='word_1_445' title='bbox 1118 4389 1202 4446; x_wconf 89' lang='lat' dir='ltr'><strong>could</strong></span> <span class='ocrx_word' id='word_1_446' title='bbox 1218 4390 1255 4445; x_wconf 89' lang='lat' dir='ltr'><strong>be</strong></span> 
     </span>
     <span class='ocr_line' id='line_1_43' title="bbox 98 4475 691 4549; baseline 0.003 -18"><span class='ocrx_word' id='word_1_447' title='bbox 98 4476 222 4548; x_wconf 84' lang='lat' dir='ltr'><strong>pleaded</strong></span> <span class='ocrx_word' id='word_1_448' title='bbox 234 4477 264 4533; x_wconf 89' lang='lat' dir='ltr'><strong>in</strong></span> <span class='ocrx_word' id='word_1_449' title='bbox 276 4478 325 4533; x_wconf 88' lang='lat' dir='ltr'><strong>the</strong></span> <span class='ocrx_word' id='word_1_450' title='bbox 333 4476 442 4547; x_wconf 84' lang='lat' dir='ltr'><strong>action,</strong></span> <span class='ocrx_word' id='word_1_451' title='bbox 456 4475 522 4549; x_wconf 87' lang='lat' dir='ltr'><strong>Dig.</strong></span> <span class='ocrx_word' id='word_1_452' title='bbox 535 4492 579 4547; x_wconf 81' lang='lat'><strong>31.</strong></span> <span class='ocrx_word' id='word_1_453' title='bbox 592 4477 636 4533; x_wconf 88' lang='lat'><strong>82.</strong></span> <span class='ocrx_word' id='word_1_454' title='bbox 648 4493 691 4547; x_wconf 90' lang='lat' dir='ltr'><strong>pr.</strong></span> 
     </span>
    </p>
   </div>
   <div class='ocr_carea' id='block_1_5' title="bbox 0 0 1500 5048">
    <p class='ocr_par' dir='ltr' id='par_1_6' title="bbox 0 0 1500 5048">
     <span class='ocr_line' id='line_1_44' title="bbox 0 0 1500 5048; baseline 0 0"><span class='ocrx_word' id='word_1_455' title='bbox 0 0 1500 5048; x_wconf 95' lang='lat' dir='ltr'><strong> </strong></span> 
     </span>
    </p>
   </div>
  </div>
 </body>
</html>
