2986 5048
111 333 226 401 Tinna]
549 328 611 383 DE
630 328 742 384 LEGA
749 328 776 382 Τ
773 327 824 383 IS.
1195 317 1254 383 281

112 499 281 581 utriusque
307 495 385 561 iuris
414 494 547 578 cognita
576 492 672 558 facile
701 493 828 576 possint
857 493 1114 577 permixtionem
1144 515 1258 559 eorum

112 604 230 668 eruditi
251 601 475 685 suptilioribus
492 600 625 663 auribus
639 599 796 681 accipere.

156 709 235 771 Non
257 706 365 770 solum
388 713 502 769 autem
525 704 692 767 testatoris
715 703 767 767 vel
790 702 920 768 heredis
943 723 1002 783 res,
1019 702 1076 768 sed
1096 712 1130 767 et
1152 704 1290 769 alienat

113 813 215 896 legari
231 821 364 895 potest:
386 809 433 873 ita
449 817 485 872 ut
500 807 595 872 heres
610 819 747 890 cogatur
765 808 925 872 redimere
945 829 1018 872 earn
1041 820 1075 874 et
1091 819 1260 893 praestare

113 917 175 990 vel,
192 916 301 979 sinon
319 923 430 997 potest
447 913 617 990 redimere,
636 912 902 976 aestimationem
925 913 995 976 eius
1017 914 1105 976 dare.
1152 914 1209 977 sed
1233 913 1260 975 si
1300 906 1303 911 ’

114 1019 190 1084 talis
212 1038 263 1082 res
286 1019 336 1097 sit,
352 1018 444 1081 cuius
466 1036 532 1078 non
555 1026 605 1079 est
625 1016 868 1093 commercium,
891 1036 951 1080 nec
978 1016 1166 1081 aestimatio
1193 1016 1262 1080 eius

114 1123 262 1198 debetur,
278 1121 372 1185 sicuti
397 1121 424 1183 si
448 1139 602 1201 campum
627 1118 787 1183 Martium
811 1120 864 1183 vel
885 1120 1037 1185 basilicas
1057 1120 1109 1184 vel
1136 1120 1262 1202 templa

114 1227 167 1291 vel
192 1247 279 1309 quae
306 1224 437 1308 publico
460 1224 530 1286 usui
552 1224 717 1288 destinata
740 1237 817 1290 sunt
839 1224 1018 1308 legaverit:
1042 1246 1119 1288 narn
1142 1225 1263 1289 nullius

116 1331 276 1395 momenti
306 1328 453 1411 legatum
485 1335 545 1391 est.
591 1327 680 1408 quod
707 1338 818 1392 autem
849 1330 995 1392 diximus
1022 1329 1164 1393 alienam
1193 1328 1269 1392 rem‘

116 1454 214 1517 posse
226 1433 336 1516 legari,
349 1433 395 1495 ita
408 1429 666 1512 intellegendum
679 1441 739 1507 est,
749 1433 775 1494 si
792 1432 965 1496 defunctus
981 1434 1106 1497 sciebat
1121 1433 1263 1495 alienam

117 1558 186 1602 rem
202 1558 283 1616 esse,
296 1558 361 1601 non
377 1545 411 1600 et
425 1537 453 1599 si
469 1536 661 1616 ignorabat:
685 1535 820 1599 forsitan
837 1539 935 1613 enim,
948 1539 974 1600 si
987 1538 1101 1602 scisset
1113 1536 1264 1614 alienam,

118 1662 185 1705 non
200 1641 352 1723 legasset.
391 1648 425 1703 et
440 1638 487 1702 ita
502 1640 597 1702 divus
614 1639 690 1704 Pius
706 1641 880 1722 rescripsit.
918 1650 952 1705 et
967 1643 1074 1705 verius
1090 1650 1139 1704 est
1155 1642 1263 1722 ipsum

117 1746 173 1827 qui
198 1746 276 1827 agit,
299 1745 331 1807 id
357 1753 406 1807 est
429 1743 633 1825 legatarium,
653 1744 793 1825 probare
819 1753 971 1826 oportere
998 1747 1098 1809 scisse
1122 1744 1264 1808 alienam

117 1868 187 1912 rem
202 1846 313 1930 legare
325 1845 525 1921 defunctum,
538 1866 604 1909 non
616 1845 773 1910 heredem
785 1848 924 1929 probare
936 1859 1088 1930 oportere
1099 1849 1266 1931 ignorasse

117 1952 267 2029 alienam,
279 1954 355 2033 quia
367 1972 498 2034 semper
510 1952 688 2015 necessitas
700 1953 861 2033 probandi
876 1954 1036 2017 incumbit
1052 1954 1098 2016 illi
1114 1954 1169 2035 qui
1185 1954 1264 2035 agit.

119 2056 188 2121 Sed
216 2068 250 2121 et
273 2059 300 2120 si
322 2077 390 2120 rern
415 2056 596 2139 obligatam
620 2057 772 2120 creditori
799 2058 918 2140 aliquis
942 2057 1111 2141 legaverit,
1134 2071 1297 2124 necesses

118 2162 220 2225 habet
235 2161 330 2225 heres
346 2161 444 2225 luere.
488 2170 522 2224 et
543 2160 606 2225 hoc
626 2182 758 2243 quoque
780 2182 855 2225 casu
878 2163 966 2227 idem
987 2163 1108 2246 placet,
1127 2163 1217 2246 quod
1233 2164 1266 2226 in
1312 2212 1315 2217 .

119 2286 154 2328 re
169 2264 284 2340 aliena,
302 2275 338 2328 ut
358 2265 405 2329 ita
426 2265 561 2328 demum
581 2264 671 2328 luere
691 2286 823 2329 necesse
838 2266 960 2332 habeat
981 2267 1085 2346 heres,
1100 2268 1127 2330 si
1143 2268 1268 2332 sciebat

119 2368 295 2432 defunctus
314 2389 383 2433 rern
402 2369 585 2452 obligatam
609 2389 701 2433 esse:
725 2378 760 2433 et
783 2371 829 2434 ita
851 2370 918 2434 divi
942 2370 1083 2435 Severus
1106 2382 1140 2436 et
1156 2372 1267 2435 Anto·

120 2473 216 2535 ninus
229 2474 470 2555 rescripserunt.
493 2475 520 2536 si
533 2482 645 2536 tamen
662 2472 835 2537 defunctus
849 2474 952 2539 voluit
969 2475 1162 2557 legatarium
1179 2475 1268 2538 luere

120 2586 153 2640 et
177 2575 240 2641 hoc
263 2578 435 2660 expressit,
452 2598 517 2640 non
542 2578 642 2642 debet
664 2577 759 2642 heres
783 2600 856 2642 eam
882 2579 980 2644 luere.
1018 2581 1063 2646 .Si
1088 2602 1138 2644 res
1161 2581 1299 2644 alienati

121 2681 230 2764 legata
252 2682 350 2746 fuerit
373 2691 406 2747 et
427 2683 496 2747 cius
515 2684 589 2747 vivo
609 2693 767 2747 testatore
789 2683 966 2766 legatarius
991 2686 1145 2749 dominus
1163 2685 1270 2748 factus

121 2785 227 2861 fuerit,
251 2787 277 2849 si
300 2788 435 2869 quidem
459 2809 502 2851 ex
519 2808 618 2851 causa
640 2789 824 2869 emptionis,
849 2809 893 2851 ex
917 2799 1117 2853 testamento
1140 2791 1270 2853 actione

121 2891 264 2971 pretium
281 2893 435 2973 consequi
451 2901 582 2975 potest:
607 2890 725 2955 sivero
742 2913 785 2954 ex
807 2912 906 2955 causa
921 2891 1088 2966 lucrativa,
1104 2892 1205 2956 veluti
1225 2912 1269 2955 ex
1365 2927 1368 2931 ·

121 2994 302 3059 donatione
323 2995 377 3059 vel
402 3017 448 3060 ex
471 2996 537 3060 alia
560 2995 658 3058 simili
682 3016 789 3074 causa,
815 3017 913 3080 agere
937 3017 1002 3060 non
1027 3008 1147 3079 potest.
1192 3017 1269 3060 narn

122 3099 282 3163 traditum
299 3109 348 3162 est
364 3100 448 3163 duas
466 3100 640 3163 lucrativas
661 3120 776 3163 causas
795 3101 827 3162 in
843 3100 985 3164 eundem
1004 3100 1172 3164 hominem
1189 3110 1222 3165 et
1238 3102 1270 3164 in

122 3204 264 3268 eandem
280 3224 350 3267 rem
365 3224 554 3268 concurrere
573 3225 638 3268 non
657 3225 763 3286 posse.
808 3204 870 3268 hac
889 3206 1015 3269 ratione
1033 3206 1059 3268 si
1082 3227 1125 3268 ex
1141 3206 1272 3269 duobus

122 3308 331 3373 testamentis
347 3309 463 3373 eadem
481 3329 531 3372 res
547 3309 655 3372 eidem
671 3309 840 3383 debeatur,
857 3309 1001 3386 interest,
1019 3321 1127 3374 utmm
1144 3330 1213 3374 rem
1229 3331 1271 3373 an

123 3414 389 3477 aestimationem
417 3435 460 3477 ex
487 3422 688 3477 testamento
714 3423 907 3477 consecutus
934 3423 1006 3478 est:
1037 3435 1113 3477 narn
1141 3415 1167 3477 si
1194 3433 1272 3493 rem,

123 3537 222 3601 agere
237 3538 303 3582 non
319 3528 440 3600 potest,
457 3520 534 3600 quia
549 3517 651 3581 habet
668 3538 741 3580 eam
763 3537 807 3580 ex
828 3537 926 3581 causa
947 3518 1114 3594 lucrativa,
1131 3519 1158 3581 si
1174 3518 1273 3582 aesti-

159 3789 217 3861 54.
242 3792 305 3845 The
325 3802 387 3846 true
408 3790 475 3857 rule,
494 3788 527 3842 of
540 3787 632 3842 which
650 3788 716 3856 only
734 3804 770 3841 an
791 3786 958 3842 illustration
977 3786 1001 3840 is
1022 3785 1150 3841 afforded
1169 3785 1207 3854 by
1226 3786 1275 3840 the

123 3877 223 3945 legacy
235 3873 268 3929 of
276 3891 294 3928 a
306 3891 351 3929 res
363 3884 441 3927 extra
458 3871 667 3939 commercium,
681 3870 704 3924 is
717 3872 778 3926 that
791 3870 839 3924 the
858 3880 903 3924 act
916 3869 1007 3923 which
1021 3870 1069 3923 the
1081 3869 1163 3923 heres
1180 3870 1232 3923 has
1245 3877 1275 3922 to

124 3958 247 4028 perform
266 3957 295 4012 in
313 3956 412 4010 favour
429 3956 462 4010 of
475 3957 524 4011 the
542 3956 652 4024 legatee
671 3966 745 4009 must
762 3955 798 4008 be
814 3954 884 4008 both
901 3953 1057 4022 physically
1075 3952 1199 4023 possible
1218 3948 1276 4005 and

124 4042 228 4112 legally
245 4039 415 4111 pennitted:
437 4056 469 4094 as
487 4040 524 4093 he
543 4048 646 4092 cannot
665 4053 774 4105 convey
792 4047 822 4091 to
840 4037 888 4091 the
906 4038 990 4090 latter
1006 4053 1024 4089 a
1040 4052 1084 4089 res
1103 4045 1182 4088 extra
1200 4051 1276 4088 com-

125 4124 270 4191 mercium,
283 4139 316 4178 so
328 4123 365 4177 he
377 4123 465 4193 ought
478 4132 528 4176 not
540 4133 569 4176 to
581 4122 618 4175 be
630 4121 789 4191 compelled
802 4130 831 4174 to
844 4137 900 4189 pay
912 4120 971 4173 him
984 4119 1020 4173 its
1032 4119 1121 4172 value.

162 4207 218 4279 §a
238 4207 300 4262 'ibe
317 4204 423 4260 maxim
445 4206 533 4260 ‘duas
552 4205 703 4259 lucrativas
724 4221 825 4258 causas
846 4203 874 4257 in
895 4203 1018 4257 eundem
1035 4201 1180 4255 hominem
1199 4209 1227 4255 et
1247 4199 1276 4254 in

125 4291 249 4349 eandem
266 4308 326 4346 rem
345 4306 511 4345 concurrere
528 4306 585 4342 non
604 4290 705 4358 posse'
723 4305 789 4355 may
808 4288 844 4342 be
865 4285 1013 4340 otherwise
1034 4285 1127 4339 stated
1147 4284 1231 4338 thus:
1257 4282 1282 4336 if

125 4377 175 4431 the
187 4390 233 4430 res
248 4375 344 4445 legata
361 4373 476 4441 already
488 4373 606 4441 belongs
625 4383 655 4426 to
671 4372 720 4426 the
739 4372 848 4439 legatee
861 4371 942 4423 when
961 4370 1009 4423 the
1028 4367 1088 4422 dies
1105 4366 1189 4436 legati
1202 4364 1278 4420 cedit

128 4459 207 4529 (Dig.
220 4472 263 4528 30.
277 4459 318 4513 82.
332 4455 395 4527 pn),
408 4456 456 4512 the
471 4456 555 4511 latter
570 4471 624 4509 can
640 4453 724 4509 claim
738 4453 775 4508 its
787 4453 869 4508 value
885 4453 957 4506 from
969 4452 1018 4506 the
1035 4449 1096 4505 heir
1108 4450 1175 4519 only
1188 4448 1212 4504 if
1220 4448 1278 4503 and
