2986 5048
164 370 285 438 Tium]
327 367 390 423 DE
403 364 832 423 FIDEICOMMISSARIIS
845 363 1208 421 HEREDITATIBUS.
1255 373 1317 440 299

676 573 811 637 ΧΧΙΙΙ.

353 767 403 816 nn
426 763 797 816 rrusrcouurssnnus
821 761 1134 813 usnaurrarrsus.

213 925 311 990 Nunc
334 935 540 990 transeamus
562 927 605 990 ad
627 924 891 989 fideicommissa.
947 934 981 988 et
1004 925 1093 1007 prius
1116 924 1159 988 de
1185 921 1314 989 heredi·

166 1029 294 1092 tatibus
319 1028 629 1093 fideicommissariis
651 1030 832 1092 videamus.

212 1128 392 1196 Sciendum
418 1132 530 1215 itaque
557 1143 607 1197 est
631 1133 742 1196 omnia
767 1130 1021 1195 fideicommissa
1046 1131 1160 1214 primis
1186 1141 1344 1213 tempo-l

166 1233 257 1296 ribus
279 1234 409 1299 infirma
431 1256 511 1309 esse,
533 1236 611 1319 quia
633 1255 732 1298 nemo
754 1235 876 1297 invitus
898 1233 1078 1316 cogebatur
1096 1243 1264 1316 praestare
1283 1235 1316 1297 id

166 1337 298 1418 dequo
320 1348 455 1419 rogatus
477 1350 566 1404 erat:
597 1338 718 1420 quibus
740 1338 828 1401 enim
852 1357 916 1400 non
939 1347 1093 1419 poterant
1115 1336 1317 1401 hereditates

166 1440 219 1505 vel
249 1441 360 1523 legata
393 1442 583 1525 relinquere,
619 1444 646 1506 si
683 1441 920 1524 relinquebant,
949 1440 1026 1504 fidei
1063 1441 1316 1506 committebant

165 1564 290 1620 eorum,
315 1545 371 1627 qui
401 1565 518 1628 capere
548 1567 592 1610 ex
620 1555 822 1610 testamento
852 1553 1024 1626 poterant:
1063 1554 1096 1606 et
1122 1544 1198 1606 ideo
1224 1543 1317 1608 fidei-

166 1649 343 1712 commissa
362 1649 532 1732 appellata
553 1661 639 1726 sunt,
656 1651 733 1732 quia
755 1648 846 1712 nullo
861 1648 991 1713 vinculo
1007 1647 1094 1723 iuris,
1110 1648 1168 1710 sed
1184 1658 1316 1712 tautum

166 1754 293 1835 pudore
314 1774 428 1816 eorum
451 1757 507 1836 qui
532 1755 733 1836 rogabantur
752 1753 1014 1818 continebantur.
1059 1761 1176 1834 postea
1191 1753 1316 1834 primus

167 1856 262 1920 divus
286 1855 461 1938 Augustus
486 1856 589 1921 semel
615 1860 802 1939 iterumque
825 1857 933 1938 gratia
958 1875 1172 1938 personarum
1197 1864 1316 1932 motus,

165 1959 219 2023 vel
242 1962 320 2044 quia
343 1982 403 2044 per
425 1963 527 2044 ipsius
553 1963 694 2027 salutem
726 1971 860 2045 rogatus
890 1962 964 2044 quis
994 1961 1164 2035 diceretur,
1189 1969 1247 2023 aut
1271 1960 1315 2023 ob

166 2062 330 2146 insignem
347 2066 555 2147 quorundam
572 2066 744 2150 perfidiam
767 2065 861 2130 iussit
880 2063 1070 2129 consulibus
1083 2064 1315 2127 auctoritatem

165 2188 262 2232 suam
285 2169 501 2252 interponere.
547 2173 637 2253 quod
655 2171 733 2255 quia
758 2171 880 2234 iustum
901 2169 1076 2233 videbatur
1099 2178 1132 2232 et
1156 2168 1316 2251 populare

165 2281 246 2349 erat,
260 2329 265 2338 ,
272 2272 434 2354 paulatim
464 2294 657 2340 conversum
689 2283 740 2338 est
770 2275 804 2337 in
833 2273 1007 2337 adsiduam
1038 2272 1315 2335 iurisdictionem:

165 2384 346 2459 tantusque
362 2376 454 2440 favor
476 2399 590 2442 eorum
612 2379 720 2443 sactus
742 2388 801 2454 est,
823 2387 859 2442 ut
879 2377 1040 2460 paulatim
1063 2377 1164 2440 etiam
1185 2387 1316 2457 praetor

165 2481 316 2562 proprius
339 2491 510 2555 crearetur,
526 2483 583 2564 qui
605 2482 867 2548 fideicommissis
890 2481 939 2545 ius
962 2481 1094 2558 diceret,
1108 2500 1207 2563 quem
1225 2479 1317 2543 fidei·

164 2586 427 2650 commissarium
449 2586 671 2671 appellabant.

164 2892 198 2947 οἱ
213 2893 322 2964 objects
341 2896 505 2967 possessing
522 2914 560 2952 no
578 2915 681 2968 proper
693 2896 847 2968 pecuuiary
859 2895 949 2962 value,
962 2894 1030 2948 such
1050 2911 1082 2948 as
1102 2894 1269 2948 documents
1287 2894 1320 2947 ol

165 2975 235 3043 title,
247 2978 316 3033 Cod
326 2979 351 3033 6.
367 2992 408 3049 50.
423 2992 462 3049 ις,
475 2981 569 3050 legata
582 2980 669 3036 debiti
683 2982 764 3035 when
777 2981 855 3034 there
869 2977 892 3032 is
905 2995 943 3031 no
956 2976 1139 3032 commodum
1152 2993 1315 3046 repraesen-

164 3058 281 3114 tationis
295 3060 362 3130 (Tit.
376 3076 417 3116 ao
435 3077 466 3129 14
479 3063 575 3133 supr.),
590 3064 656 3133 Dig.
671 3078 713 3131 30.
727 3064 769 3119 28.
786 3078 815 3129 13
833 3061 956 3131 legacies
975 3060 1012 3116 ad
1031 3060 1093 3130 pias
1112 3076 1222 3127 causas,
1241 3061 1315 3114 Now.

170 3156 228 3210 131.
241 3157 280 3212 12,
293 3144 351 3198 and
364 3146 445 3200 those
458 3146 550 3200 which
563 3163 600 3216 go
613 3157 642 3201 to
655 3146 739 3201 make
752 3162 790 3215 up
803 3146 851 3199 the
863 3143 990 3213 legitima
1002 3160 1067 3213 pars
1080 3143 1113 3196 of
1121 3158 1240 3211 persons
1253 3143 1316 3195 who

165 3225 250 3279 could
259 3225 342 3296 bring
354 3228 402 3282 the
412 3230 537 3299 querella
550 3229 696 3284 inofficiosi
707 3227 868 3284 testamenti
883 3243 914 3281 or
927 3229 975 3282 the
988 3226 1063 3281 actio
1076 3225 1113 3279 ad
1126 3225 1315 3295 supplendam

165 3307 331 3378 legitimam,
346 3309 416 3365 Cod.
430 3326 454 3380 ³·
469 3313 510 3380 38.
525 3313 560 3381 36
572 3330 614 3383 pr.

201 3394 262 3447 stt.
274 3396 399 3448 xxm.
413 3394 427 3461 §
442 3399 466 3448 1.
487 3395 730 3463 Fideicommissa,
746 3394 837 3449 which
856 3393 947 3448 under
964 3392 1128 3462 Justinian’s
1148 3392 1214 3446 final
1233 3390 1315 3461 legis-

165 3473 254 3529 lation
271 3476 435 3546 practically
447 3478 557 3533 formed
573 3495 628 3536 one
646 3477 803 3532 institution
817 3476 883 3531 with
901 3475 1031 3545 legacies,
1046 3475 1074 3529 in
1091 3475 1181 3545 origin
1198 3475 1315 3529 differed

164 3557 238 3613 from
257 3559 335 3614 thern
354 3558 383 3614 iu
402 3562 499 3631 nearly
516 3579 601 3631 every
619 3572 737 3631 respect
777 3563 835 3615 Not
855 3559 940 3629 being
959 3560 1061 3629 legally
1073 3559 1194 3628 binding
1212 3557 1240 3612 in
1260 3576 1316 3627 any

165 3657 232 3696 case
248 3658 286 3695 on
304 3643 351 3697 the
369 3642 431 3697 heir
442 3660 474 3697 or
486 3645 568 3698 other
581 3661 684 3714 person
698 3644 762 3697 who
775 3660 832 3696 was
849 3641 972 3712 charged
985 3642 1052 3696 with
1065 3642 1151 3710 them,
1165 3643 1244 3696 there
1257 3658 1315 3695 was

164 3723 286 3793 nothing
303 3735 333 3779 to
349 3725 386 3780 be
404 3726 507 3795 gained
522 3727 560 3796 by
573 3726 709 3797 inserting
725 3728 802 3782 them
819 3726 847 3780 in
865 3744 883 3780 a
895 3726 958 3793 will,
971 3742 1004 3779 so
1019 3726 1080 3780 that
1098 3725 1236 3795 probably
1249 3726 1315 3795 they

165 3822 238 3862 were
257 3806 286 3861 in
305 3818 379 3862 most
398 3825 478 3864 cases
497 3812 557 3865 oral
576 3828 609 3865 or
626 3809 778 3865 contained
797 3810 825 3863 in
843 3809 964 3863 codicilli
983 3808 1049 3877 (Tit.
1063 3823 1078 3862 2
1083 3821 1096 3877 5
1111 3808 1190 3874 ins.);
1209 3808 1265 3863 this
1285 3819 1314 3863 at

165 3891 237 3945 least
256 3907 349 3946 seems
367 3903 397 3947 to
410 3893 446 3947 be
463 3895 511 3948 the
527 3895 637 3949 natural
656 3893 797 3948 inserence
810 3893 882 3947 from
897 3894 945 3947 the
959 3892 1014 3947 iact
1032 3893 1094 3946 that
1107 3891 1228 3945 codicilli
1242 3909 1314 3948 were

165 3973 280 4028 clothed
293 3974 358 4029 with
372 3975 530 4046 obligatory
541 3977 617 4031 soree
626 3978 733 4031 almost
746 3975 978 4044 simultaneously
988 3973 1053 4029 with
1066 3976 1218 4043 Augustus'
1231 3974 1315 4029 inter·

164 4056 281 4111 vention
300 4058 329 4112 in
342 4058 439 4114 favour
455 4060 489 4113 os
497 4059 724 4115 fideicommissa
764 4061 796 4113 ln
811 4059 933 4114 Cicero¹s
951 4058 1020 4112 time
1038 4057 1057 4111 it
1071 4075 1128 4112 was
1146 4057 1314 4112 considered

165 4156 204 4194 an
217 4140 317 4195 honest
334 4143 423 4196 man's
436 4142 506 4211 duty
518 4153 549 4196 to
564 4160 645 4212 carry
657 4154 705 4197 out
719 4141 941 4197 fideicommissa
953 4141 1048 4194 whose
1065 4140 1158 4209 object
1172 4157 1229 4193 was
1247 4141 1314 4208 legi-

165 4221 273 4292 rimare,
287 4223 367 4279 while
381 4225 462 4280 those
474 4225 566 4280 which
580 4226 674 4281 aimed
687 4236 716 4281 at
734 4243 771 4280 an
784 4224 900 4280 evasion
913 4225 947 4279 os
955 4225 1008 4279 law
1021 4241 1093 4278 were
1111 4222 1294 4292 disregarded
1307 4244 1313 4289 ;

165 4304 420 4373 defin2.17and
436 4310 473 4363 18.
513 4310 569 4363 For
582 4310 655 4364 their
671 4308 837 4364 conversion
856 4308 916 4363 into
934 4325 971 4363 an
985 4307 1124 4362 ‘adsidua
1142 4306 1314 4362 iurisdictio'

166 4387 202 4444 cl.
216 4388 376 4460 Suetonius,
390 4392 488 4447 Claud
504 4407 537 4460 23
557 4392 795 4447 ‘iurisdictionem
811 4392 848 4447 de
867 4390 1094 4447 fideicommissis
1114 4391 1265 4461 quotannis
1284 4403 1313 4447 et

165 4480 278 4528 tantum
290 4471 320 4528 in
332 4475 401 4531 urbe
414 4475 537 4545 delegari
550 4475 761 4546 magistratibus
773 4475 896 4546 solitam,
909 4474 938 4530 in
950 4486 1117 4547 perpetuum
1129 4484 1214 4545 atque
1226 4475 1313 4531 etiarn
