2986 5048
243 376 309 439 402
441 362 792 422 rnurlrvrlolvunr
808 361 929 417 LIBRI
947 361 1184 433 QUATTUOR.
1270 362 1339 430 [Lib.
1355 368 1404 416 111.

212 533 364 599 eoadem
387 531 499 595 omnia
522 530 635 612 repeti,
652 550 737 611 quae
759 527 934 611 stipulator
956 528 1167 610 expresserit.
1220 526 1309 593 Item
1326 527 1401 591 iuu-

247 638 315 700 tilis
337 644 388 700 est
411 634 590 717 stipulatio,
613 633 640 696 si
663 633 707 696 ab
729 653 769 696 eo
789 633 963 714 stipuleris,
985 634 1042 715 qui
1064 632 1124 695 iuri
1148 642 1207 696 tuo
1229 631 1401 695 subiectus

247 750 306 818 est,
328 739 381 803 vel
404 739 430 802 si
455 740 482 800 is
504 758 523 802 a
547 748 581 801 te
603 737 788 819 stipuletur.
824 736 883 801 sed
906 756 1018 800 servus
1041 736 1175 818 quidem
1199 755 1266 799 non
1289 735 1400 798 solum

247 844 384 907 domino
399 864 458 906 suo
479 841 618 922 obligari
641 861 706 904 non
729 849 849 923 potest,
866 841 926 904 sed
947 860 990 903 ne
1011 840 1068 904 alii
1085 840 1222 922 quidem
1237 838 1315 902 ulli:
1340 838 1399 902 filii

217 952 324 1010 7vero
347 946 488 1009 familias
508 945 580 1008 aliis
602 944 742 1027 obligari
764 955 910 1026 possunt.
957 944 1091 1008 Mutum
1115 963 1223 1025 neque
1245 941 1400 1025 stipulari

248 1071 356 1131 neque
372 1050 563 1132 promittere
578 1069 675 1130 posse
692 1048 802 1130 palam
815 1057 874 1112 est.
907 1048 996 1130 quod
1013 1055 1048 1110 et
1062 1048 1095 1111 in
1111 1047 1212 1111 surdo
1227 1054 1399 1128 receptum

248 1164 317 1217 est:
341 1154 419 1235 quia
445 1162 479 1215 et
510 1153 536 1215 is
563 1152 618 1234 qui
645 1152 821 1234 stipulatur
844 1152 946 1216 verba
971 1151 1196 1234 promittentis
1222 1159 1257 1214 et
1284 1151 1312 1213 is
1343 1150 1400 1231 qui

248 1257 413 1338 promittit
432 1257 533 1320 verba
557 1255 744 1337 stipulantis
765 1257 880 1319 audire
904 1256 1013 1320 debet.
1059 1255 1148 1318 unde
1167 1263 1308 1338 apparet
1329 1274 1398 1317 non

247 1360 291 1423 de
307 1382 346 1424 eo
363 1381 423 1423 nos
438 1360 528 1441 loqui
544 1359 601 1441 qui
617 1360 743 1422 tardius
759 1360 907 1435 exaudit,
924 1361 982 1423 sed
995 1360 1038 1423 de
1054 1380 1093 1423 eo
1108 1358 1165 1442 qui
1180 1358 1317 1421 omnino
1332 1377 1400 1421 non

218 1465 396 1527 Sexaudit.
442 1463 597 1525 Furiosus
621 1462 746 1525 nullum
769 1463 937 1545 negotium
961 1481 1074 1546 gerere
1096 1470 1216 1545 potest,
1231 1461 1310 1543 quia
1334 1479 1401 1524 non

250 1727 298 1794 ita,
319 1727 456 1782 Kalendis
477 1724 614 1781 ianuariis
634 1726 678 1780 vel
696 1724 856 1779 Februariis
876 1723 937 1779 dari
958 1723 1091 1794 spondes,
1112 1723 1231 1795 perinde
1248 1734 1294 1779 est
1318 1724 1401 1795 quasi

252 1811 389 1865 Kalendis
404 1809 564 1864 Februariis
577 1808 726 1878 stipulatus
740 1807 812 1861 sim’
827 1808 893 1877 Dig.
906 1821 947 1877 45.
965 1823 987 1861 r.
1004 1823 1042 1862 12.

285 1896 300 1962 §
315 1898 342 1948 6.
364 1893 452 1949 Gaius
465 1910 531 1962 says
545 1892 594 1961 (iii.
611 1894 670 1959 104)
684 1893 745 1945 that
758 1909 776 1945 a
788 1909 891 1961 person
908 1892 937 1945 in
956 1890 1099 1962 mancipio
1118 1892 1279 1947 resembled
1291 1909 1309 1946 a
1321 1893 1401 1948 slave

250 1978 278 2031 in
291 1978 378 2046 being
390 1978 493 2032 unable
507 1987 535 2030 to
549 1976 628 2030 incur
640 1993 676 2030 an
690 1975 845 2044 obligation
858 1986 888 2029 to
900 1993 957 2044 any
969 1992 1032 2030 one.
1069 1976 1115 2029 All
1133 1976 1194 2030 that
1211 1975 1235 2028 is
1248 1987 1348 2031 meant
1363 1977 1401 2044 by

250 2064 298 2116 the
311 2072 368 2116 text
383 2061 406 2114 is
418 2061 480 2115 that
493 2060 620 2114 between
633 2058 772 2113 domestic
785 2059 913 2128 superior
924 2058 982 2113 and
996 2058 1111 2113 inferior
1123 2059 1203 2113 there
1216 2059 1301 2113 could
1313 2059 1350 2114 be
1363 2076 1401 2114 no

249 2145 340 2201 civilis
353 2143 488 2211 obligatio
501 2163 508 2208 ;
526 2143 575 2197 but
589 2142 613 2196 if
622 2159 639 2196 a
651 2153 732 2212 pater
744 2141 896 2211 stipulated
909 2142 981 2196 from
997 2140 1042 2197 his
1059 2159 1120 2210 son,
1134 2158 1166 2195 or
1178 2158 1196 2195 a
1208 2152 1316 2197 master
1327 2143 1401 2197 from

250 2229 295 2282 his
308 2229 394 2295 slave,
404 2227 453 2281 the
463 2243 515 2280 son
525 2244 557 2279 or
567 2227 644 2280 slave
655 2242 711 2279 was
721 2225 818 2279 bound
828 2226 983 2294 ‘naturally
992 2227 1009 2290 ;¹
1029 2226 1124 2295 ‘patre
1133 2242 1151 2280 a
1160 2225 1218 2279 filio
1227 2226 1272 2281 vel
1283 2225 1401 2280 domino

251 2329 269 2365 a
282 2327 363 2364 servo
377 2310 510 2379 stipulatu
524 2309 671 2363 fideiussor
683 2319 817 2377 acceptus
830 2311 955 2363 tenetur’
969 2308 1034 2378 Dig.
1044 2310 1087 2375 46.
1101 2324 1122 2363 1.
1136 2309 1175 2378 56.
1190 2325 1199 2363 r
1216 2328 1223 2375 ς
1241 2309 1278 2363 cs.
1291 2309 1349 2364 Tit.
1359 2325 1403 2363 ao.

255 2409 265 2447 1
282 2393 346 2456 ins.;
367 2392 395 2446 in
409 2394 456 2446 the
470 2409 605 2446 converse
617 2409 684 2446 case
696 2390 717 2445 it
731 2408 824 2446 seems
837 2392 909 2446 from
924 2391 990 2461 Dig.
1003 2393 1056 2446 loc.
1065 2391 1110 2446 cit.
1119 2392 1181 2446 that
1193 2409 1232 2445 no
1245 2392 1402 2461 obligation

251 2476 285 2530 ol
292 2493 348 2544 any
360 2486 419 2530 sort
433 2474 563 2529 resulted.
603 2476 752 2529 Contracts
769 2475 854 2529 made
868 2475 907 2544 by
918 2493 936 2528 a
950 2475 1145 2530 filiusfamilias
1164 2475 1231 2530 with
1243 2477 1327 2530 other
1338 2494 1401 2547 per-

183 2601 187 2607 .
252 2576 318 2614 sons
338 2559 406 2613 than
425 2559 469 2613 his
489 2569 569 2628 pater
587 2558 683 2611 bound
702 2558 761 2612 him
781 2558 900 2613 civiliter
916 2560 1028 2628 always,
1046 2561 1091 2614 ‘et
1111 2559 1149 2613 ob
1166 2558 1196 2613 id
1214 2558 1259 2628 agi
1281 2576 1347 2615 cum
1366 2577 1402 2615 eo

252 2653 389 2714 tanquam
414 2660 478 2697 cum
503 2641 705 2712 patrefamilias
730 2644 839 2712 potest'
864 2643 931 2712 Dig.
951 2658 994 2709 44.
1015 2657 1039 2711 7.
1058 2658 1111 2712 393
1135 2643 1224 2698 buta
1244 2644 1323 2699 slave
1343 2662 1403 2700 was

250 2727 348 2781 bound
361 2728 427 2795 only
440 2726 604 2780 naturaliter
616 2726 654 2794 by
667 2736 808 2780 contracts
821 2744 892 2781 even
906 2726 972 2781 with
986 2727 1119 2795 extranei,
1132 2727 1189 2781 and
1203 2728 1251 2782 the
1264 2726 1402 2797 obligatio

252 2810 380 2865 incurred
400 2811 437 2879 by
450 2827 486 2863 an
504 2819 653 2863 extraneus
671 2826 728 2863 was
747 2812 807 2864 also
824 2810 960 2864 naturalis
978 2811 1053 2879 only,
1066 2827 1099 2864 so
1118 2811 1179 2865 that
1197 2811 1247 2864 the
1265 2810 1404 2866 dominus

252 2893 335 2947 could
352 2904 401 2947 not
421 2910 470 2946 sue
488 2909 563 2962 upon
578 2892 616 2946 it:
637 2891 686 2946 ‘ex
705 2893 897 2947 contractibus
911 2892 1007 2964 [servi]
1024 2893 1142 2947 civiliter
1154 2909 1212 2946 non
1229 2892 1404 2963 obligantur,

252 2976 303 3030 sed
316 2977 480 3031 naturaliter
492 2986 519 3030 ct
533 2975 693 3044 obligantur
705 2986 733 3030 et
747 2977 888 3047 obligant’
903 2978 969 3046 Dig.
982 2992 1024 3043 44
1039 2991 1064 3044 7.
1081 2992 1120 3044 14.
1153 2976 1225 3032 Civil
1243 2977 1402 3047 obligation

251 3061 378 3114 between
399 3059 601 3128 paterfamilias
620 3059 678 3113 aud
698 3060 770 3114 filius
789 3078 882 3115 seems
901 3071 931 3115 to
949 3063 1021 3115 have
1038 3061 1110 3115 been
1129 3061 1285 3130 prevented
1304 3063 1343 3130 by
1355 3062 1404 3117 the

252 3143 356 3197 latter's
375 3154 449 3198 want
469 3144 501 3196 oi
515 3143 691 3212 proprietary
709 3144 802 3212 right;
822 3146 902 3198 when
922 3145 970 3200 the
991 3144 1151 3214 incapacity
1169 3162 1227 3199 was
1248 3147 1343 3215 partly
1361 3163 1404 3200 re-

251 3227 363 3293 moved,
383 3228 433 3281 the
453 3228 512 3281 rule
535 3243 591 3280 was
612 3243 663 3296 pro
683 3237 762 3281 tanto
781 3227 864 3296 given
885 3246 931 3298 up,
952 3229 1008 3282 and
1029 3228 1058 3282 in
1080 3239 1191 3298 respect
1212 3229 1246 3282 os
1259 3229 1403 3297 peculium

252 3322 396 3365 castrense
418 3311 497 3365 there
520 3310 603 3364 could
628 3311 664 3365 be
686 3310 749 3365 civil
772 3311 927 3380 obligation
951 3312 1009 3366 and
1033 3313 1237 3383 consequently
1258 3312 1402 3382 litigation

252 3395 380 3449 between
399 3396 495 3451 them:
515 3394 565 3449 ‘lis
584 3395 662 3449 nulla
679 3396 762 3449 nobis
781 3413 844 3449 esse
862 3407 955 3465 potest
972 3414 1037 3451 cum
1055 3413 1090 3451 eo
1108 3414 1194 3467 quem
1213 3396 1242 3451 in
1261 3407 1405 3466 potestate

253 3478 401 3544 habemus,
414 3477 468 3531 nisi
481 3496 515 3532 ex
529 3477 664 3532 castrensi
679 3478 804 3547 peculio’
818 3479 882 3548 Dig.
896 3493 918 3548 5.
936 3496 958 3534 1.
969 3496 1005 3546 43
1024 3480 1058 3534 cf.
1071 3479 1135 3549 Dig.
1153 3481 1194 3535 18.
1209 3495 1232 3538 1.
1244 3495 1270 3534 a.
1279 3497 1320 3551 pr.
1333 3501 1341 3547 3
1360 3495 1405 3548 47.

255 3576 279 3615 2.
295 3574 336 3630 52.
352 3563 414 3627 4-6.
463 3562 496 3615 ln
515 3572 625 3630 respect
645 3562 678 3616 oi
695 3562 836 3632 peculium
855 3563 1041 3618 adventitium
1060 3563 1117 3617 this
1137 3563 1293 3619 relaxation
1312 3565 1336 3620 is
1354 3577 1405 3621 not

254 3645 420 3713 recognised
435 3643 463 3699 in
476 3646 525 3699 the
538 3645 711 3700 authorities.

291 3730 348 3796 §a
369 3730 431 3782 The
453 3727 613 3797 incapacity
635 3729 667 3782 oi
687 3728 808 3783 furiosus
833 3740 862 3784 to
884 3739 1011 3785 contract
1033 3730 1058 3785 is
1080 3730 1108 3784 in
1129 3730 1230 3800 reality
1250 3730 1341 3787 based
1366 3750 1404 3788 on

255 3810 415 3880 incapacity
434 3811 466 3865 of
480 3811 591 3880 willing,
611 3828 643 3865 or
662 3813 694 3866 ol
708 3812 802 3866 action
822 3812 958 3883 entailing
976 3814 1049 3883 legal
1070 3830 1291 3885 consequences,
1309 3818 1407 3872 rather

254 3895 324 3949 than
338 3912 375 3948 on
388 3895 481 3949 defect
495 3894 528 3948 oi
541 3893 738 3965 intelligence:
758 3897 918 3965 ‘furiosum
931 3897 990 3952 sive
1007 3897 1163 3968 stipuletur,
1176 3897 1236 3953 sive
1248 3899 1405 3968 promittat,

254 3977 325 4032 nihil
343 3995 428 4046 agere
446 3988 547 4033 natura
565 3979 747 4034 manifestum
760 3991 810 4034 est.
850 3980 926 4034 Huic
943 3980 1086 4049 proximus
1105 3991 1157 4049 est,
1170 3992 1200 4036 ut
1218 3982 1347 4037 nondum
1366 3983 1407 4036 in·

255 4062 379 4129 tellegat,
393 4060 460 4130 quid
474 4071 583 4128 agatur,
596 4062 646 4115 sed
660 4063 736 4132 quod
749 4063 874 4117 adhunc
887 4063 1036 4132 benignius
1049 4075 1198 4133 acceptum
1210 4075 1262 4132 est,
1275 4081 1344 4119 nam
1357 4066 1405 4136 qui

255 4144 332 4214 loqui
345 4154 448 4214 potest,
459 4144 582 4199 creditur
591 4155 619 4199 et
630 4145 756 4215 stipulari
770 4157 798 4200 et
811 4147 975 4215 promittere
988 4148 1087 4216 posse'
1101 4146 1166 4215 Dig.
1175 4162 1218 4214 44.
1228 4160 1253 4213 7.
1267 4162 1288 4202 1.
1302 4163 1333 4202 η
1346 4149 1405 4204 and

258 4242 299 4295 13,
313 4227 357 4281 ‘in
368 4228 489 4296 negotiis
502 4229 703 4283 contrahendis
716 4229 772 4283 alia
781 4247 868 4284 causa
880 4230 978 4284 habita
990 4241 1034 4285 est
1046 4231 1222 4299 furiosorum,
1232 4231 1289 4285 alia
1298 4249 1406 4302 eorum,

256 4309 304 4379 qui
318 4309 369 4363 fari
382 4321 509 4380 possunt,
523 4312 651 4382 quamvis
664 4324 759 4367 actum
772 4313 811 4368 rei
824 4331 882 4367 non
898 4313 1104 4383 intelligerent:
1126 4331 1193 4369 nam
1210 4315 1332 4370 furiosus
1345 4317 1408 4370 nul·

256 4392 315 4445 lum
337 4393 482 4462 negotium
502 4396 669 4450 contrahere
691 4407 792 4466 potest,
814 4397 938 4467 pupillus
958 4397 1055 4451 omnia
1075 4408 1168 4452 tutore
1185 4408 1301 4452 auctore
1321 4415 1407 4468 agere

254 4477 365 4546 potest'
379 4476 444 4547 Dig.
453 4493 498 4545 42.
510 4492 532 4533 r.
542 4491 566 4548 5.
604 4478 797 4550 Dispositions
810 4481 894 4537 made
906 4482 946 4551 by
955 4498 973 4537 a
983 4481 1105 4537 furiosus
1118 4480 1147 4536 in
1159 4498 1178 4537 a
1189 4481 1266 4537 lucid
1278 4494 1407 4538 moment
