2986 5048
230 358 291 428 150
429 351 532 410 INST
530 352 577 406 IT
580 351 636 407 UT
633 350 781 407 IONUM
799 349 919 406 LIBRI
938 349 1174 422 QUATTUOR.
1276 350 1333 416 [Lib
1355 355 1374 406 l.

741 531 856 596 XVII.

437 701 488 754 on
512 703 697 754 Laor‘rnrn
720 700 975 753 Parnouonuw
1000 701 1158 754 ruram.

271 843 327 908 Ex
350 843 468 909 eadem
491 842 564 928 lege
590 843 764 908 duodecim
791 842 976 906 tabularum
1004 842 1195 907 libertorum
1223 852 1255 906 et
1280 841 1377 906 liber·

226 956 334 1011 tarum
357 948 461 1014 tutela
482 949 525 1013 ad
548 957 706 1031 patronos
729 947 914 1029 liberosque
934 967 1046 1009 eorum
1068 948 1220 1029 pertinet,
1237 968 1322 1028 quae
1343 954 1377 1010 et

226 1051 299 1134 ipsa
319 1051 467 1134 legitima
482 1051 587 1115 tutela
607 1061 759 1115 vocatur:
784 1070 849 1113 non
870 1051 946 1132 quia
968 1051 1163 1114 nominatim
1185 1071 1225 1113 ea
1246 1050 1318 1132 lege
1334 1049 1382 1113 de.

224 1154 288 1218 hac
312 1155 417 1219 tutela
444 1165 585 1229 cavetur,
612 1155 670 1217 sed
698 1154 774 1236 quia
800 1154 935 1236 perinde
961 1164 1097 1236 accepta
1124 1163 1175 1217 est
1197 1174 1255 1235 per
1278 1154 1377 1216 inter·

226 1259 457 1341 pretationem,
471 1269 571 1341 atque
594 1259 621 1321 si
645 1257 753 1321 verbis
775 1257 858 1339 legis
881 1258 1066 1321 introducta
1085 1267 1182 1322 esset.
1228 1278 1267 1321 eo
1288 1258 1376 1320 enim

226 1361 307 1444 ips0,
334 1382 400 1444 quo
429 1359 628 1425 hereditates
658 1361 849 1424 libertorum
879 1359 1144 1443 libertatumque,
1171 1361 1198 1424 si
1229 1361 1376 1424 intestati

226 1466 453 1540 decessissent,
481 1465 617 1529 iusserat
641 1463 698 1528 lex
724 1463 766 1528 ad
793 1473 951 1546 patronos
978 1463 1138 1528 liberosve
1165 1485 1277 1528 eorum
1303 1484 1377 1547 per·

225 1570 339 1646 tinere,
354 1569 562 1633 crediderunt
577 1577 705 1633 veteres
720 1567 862 1632 voluisse
878 1566 985 1650 legem
1003 1570 1102 1632 etiam
1120 1568 1239 1633 tutelas
1258 1569 1299 1631 ad
1321 1588 1378 1631 eos

225 1675 396 1756 pertinere,
408 1693 482 1737 cum
496 1684 530 1737 et
545 1673 717 1754 adgnatos,
729 1692 812 1754 quos
827 1673 870 1735 ad
887 1671 1104 1736 hereditatem
1119 1682 1225 1750 vocat,
1241 1672 1377 1736 eosdem

226 1786 260 1857 et
276 1786 402 1840 tutores
418 1797 490 1841 esse
513 1777 606 1840 iussit
627 1786 661 1840 et
685 1777 761 1857 quia
786 1776 987 1859 plerumque,
1010 1776 1065 1839 ubi
1089 1777 1302 1841 successionis
1326 1787 1378 1840 est

227 1880 498 1957 emolumentum,
524 1880 569 1943 ibi
594 1889 627 1943 et
654 1879 778 1943 tutelae
800 1900 883 1942 onus
906 1900 978 1943 esse
1001 1879 1111 1944 debet.
1159 1881 1234 1944 ideo
1264 1889 1377 1942 autern

227 1983 373 2049 diximus
393 1983 594 2067 plerumque,
614 1984 699 2067 quia,
715 1985 742 2047 si
765 2004 785 2047 a
804 1983 927 2047 semina
947 1984 1097 2067 impubes
1119 1986 1379 2064 manumittatur,

227 2088 297 2169 ipsa
312 2089 354 2152 ad
370 2086 588 2152 hereditatem
604 2097 748 2165 vocatur,
763 2107 837 2152 cum
854 2087 937 2158 alius
953 2097 1003 2153 est
1019 2097 1117 2153 tutor.

736 2274 868 2340 XVIII.

452 2444 502 2494 ns
526 2444 709 2494 naorrrun
733 2443 957 2497 annaurturk
981 2447 1140 2499 aurern.

272 2584 440 2669 Exemplo
455 2593 668 2669 patronorum
686 2593 817 2668 recepta
830 2596 880 2650 est
896 2597 930 2651 et
945 2586 1009 2651 alia
1024 2586 1140 2663 tutela,
1157 2608 1241 2669 quae
1257 2596 1290 2652 et
1306 2586 1378 2670 ipsa

227 2687 375 2774 legitima
390 2699 532 2754 vocatur.
575 2709 652 2753 nam
674 2691 701 2754 si
722 2691 796 2773 quis
817 2689 919 2753 hlium
940 2700 997 2755 aut
1020 2690 1132 2769 filiam,
1147 2700 1303 2774 nepotem
1320 2702 1378 2755 aut

226 2803 360 2876 neptem
373 2810 417 2857 ex
434 2791 500 2855 filio
516 2801 550 2857 et
561 2793 716 2876 deinceps
731 2792 918 2875 impuberes
930 2795 1195 2877 emancipaverit,
1209 2794 1378 2876 legitimus

226 2917 340 2960 eorum
355 2906 446 2960 tutor
461 2897 531 2961 erit.

261 3061 320 3113 'tut
334 3060 439 3112 xm
459 3058 565 3114 Where
578 3075 595 3113 a
608 3058 724 3112 libertus
737 3057 806 3113 civis
820 3057 887 3114 died
897 3058 1037 3127 intestate,
1046 3059 1152 3129 having
1165 3076 1281 3114 nostrus
1295 3061 1378 3115 heres

228 3141 288 3210 (the
301 3140 434 3211 meaning
447 3141 481 3194 of
489 3138 612 3196 intestati
628 3139 655 3195 in
670 3140 718 3196 the
731 3143 808 3210 text),
822 3144 870 3197 the
883 3153 983 3212 patron
997 3142 1065 3196 took
1079 3141 1122 3196 his
1137 3153 1270 3212 property
1283 3160 1315 3197 as
1329 3144 1379 3214 (by

227 3242 246 3281 a
259 3224 367 3294 fiction)
381 3225 425 3279 his
442 3236 555 3280 nearest
567 3236 680 3295 agnete,
693 3226 750 3280 and
763 3225 811 3281 the
824 3228 912 3282 tutela
924 3237 997 3282 went
1010 3227 1038 3281 in
1050 3229 1100 3283 the
1114 3245 1192 3283 same
1202 3246 1264 3298 way
1273 3246 1310 3283 on
1330 3229 1379 3285 the

226 3310 348 3379 analogy
361 3308 393 3363 os
402 3310 450 3363 the
462 3309 588 3378 legitima
600 3309 787 3379 adgnatorum
800 3311 897 3366 tutela.
916 3313 971 3366 But
985 3313 1066 3366 when
1079 3329 1096 3366 a
1111 3311 1227 3366 Latinus
1242 3311 1379 3367 Iunianus

227 3393 302 3462 (who
321 3391 404 3446 could
423 3390 533 3447 neither
550 3391 623 3446 have
642 3409 659 3446 a
678 3410 745 3446 suus
763 3394 845 3448 heres
859 3412 910 3447 nor
923 3393 1006 3448 make
1019 3412 1036 3448 a
1049 3394 1114 3461 will)
1128 3393 1202 3463 died,
1216 3396 1263 3450 the
1276 3406 1378 3466 patron

226 3475 294 3529 took
308 3477 355 3530 the
368 3486 502 3545 property
513 3476 552 3544 by
562 3493 579 3529 a
588 3474 717 3531 different
727 3474 795 3545 title,
807 3475 865 3531 iure
875 3477 975 3547 peculii
988 3478 1051 3546 (Bk.
1063 3478 1102 3532 iii.
1110 3492 1133 3545 7.
1145 3477 1238 3545 4inl).
1277 3482 1379 3536 Hence

225 3558 274 3613 the
293 3558 456 3614 succession
474 3560 507 3612 of
521 3560 569 3613 the
586 3559 674 3614 tutela
692 3559 741 3614 did
759 3570 808 3614 not
828 3561 998 3631 necessarily
1016 3580 1053 3632 go
1075 3563 1222 3632 together:
1242 3562 1335 3618 ‘unde
1354 3563 1378 3618 si

225 3641 329 3697 ancilla
346 3659 381 3696 ex
399 3643 459 3697 iure
473 3641 624 3712 Quiritium
642 3653 690 3698 tua
709 3643 752 3713 sit,
767 3643 795 3697 in
813 3644 896 3699 bonis
913 3662 985 3714 mea,
1005 3663 1022 3700 a
1039 3663 1085 3700 me
1102 3645 1216 3716 quidem
1233 3647 1303 3714 solo,
1320 3664 1378 3701 non

226 3724 313 3779 etiarn
326 3743 343 3780 a
355 3738 383 3781 te
397 3726 580 3794 manumissa,
595 3725 696 3781 Latina
709 3727 768 3782 fieri
782 3740 884 3798 potest,
897 3740 925 3783 et
942 3729 1018 3784 bona
1034 3729 1094 3783 eius
1111 3728 1149 3782 ad
1165 3746 1211 3783 me
1228 3729 1379 3799 pertinent,

227 3808 279 3863 sed
297 3809 358 3864 eius
377 3811 466 3865 tutela
483 3809 533 3864 tibi
552 3810 708 3880 competit:
727 3828 794 3865 narn
814 3811 853 3866 ita
870 3812 933 3882 lege
953 3812 1025 3866 Iulia
1043 3815 1169 3868 cavetur’
1183 3812 1271 3867 Gaius
1284 3811 1302 3868 i.
1320 3815 1379 3880 167.

227 3889 298 3944 This
308 3892 332 3945 is
342 3892 461 3946 another
474 3892 622 3962 exception
635 3903 664 3946 to
678 3893 725 3947 the
738 3895 797 3948 rule
810 3895 877 3950 here
886 3896 979 3949 stated
989 3896 1027 3964 by
1036 3895 1186 3965 Justinian,
1197 3896 1380 3967 ‘plerumque

227 3973 274 4028 ubi
289 3973 476 4030 successionis
495 3986 538 4030 est
557 3976 787 4046 emolumentum,
801 3976 838 4031 ibi
853 3987 880 4032 et
894 3979 998 4032 tutelae
1016 3995 1087 4032 onus
1103 3996 1166 4033 esse
1183 3977 1286 4034 debet!
1324 3980 1380 4035 lia

227 4058 285 4112 free
298 4075 401 4127 person
414 4058 443 4112 in
457 4058 600 4129 mancipio
614 4076 685 4113 were
698 4060 886 4115 manumitted
900 4061 981 4116 while
995 4061 1124 4132 impubes
1136 4063 1174 4132 by
1184 4061 1229 4117 his
1242 4063 1380 4132 superior,

227 4141 306 4194 there
319 4141 424 4211 having
439 4142 512 4196 been
529 4160 568 4197 no
587 4142 690 4198 fiducia
704 4144 781 4212 (note
794 4162 832 4199 on
843 4145 899 4200 Tit.
913 4160 951 4200 12.
966 4147 983 4200 6
996 4146 1082 4216 supr.)
1094 4148 1220 4201 between
1235 4148 1283 4201 the
1296 4147 1381 4203 latter

228 4221 286 4276 and
305 4224 352 4276 the
371 4235 460 4292 pater,
474 4226 521 4279 the
540 4221 668 4295 superior
684 4227 802 4282 became
821 4239 964 4298 patronus,
979 4231 1035 4284 and
1054 4231 1119 4284 thus
1136 4241 1212 4284 tutor
1227 4229 1379 4299 legitimus.

228 4306 286 4359 For
298 4322 377 4360 some
390 4310 516 4364 remarks
529 4326 566 4364 on
580 4311 628 4364 the
642 4310 865 4381 ‘interpretatio’
877 4313 909 4367 os
916 4314 964 4369 the
976 4314 1035 4367 Xll
1048 4315 1153 4368 Tables
1166 4313 1224 4368 and
1236 4314 1318 4368 other
1330 4316 1379 4369 old

227 4398 346 4442 statutos
361 4406 408 4442 see
423 4392 544 4446 General
560 4393 666 4447 Introd.
680 4411 705 4463 p.
720 4407 753 4463 45
768 4412 844 4465 supr.

262 4474 322 4526 Tit.
335 4475 458 4529 XVIII.
480 4476 506 4529 It
519 4475 588 4530 does
601 4486 650 4530 not
664 4494 741 4532 seem
755 4478 815 4534 that
829 4496 885 4549 any
901 4496 1016 4551 express
1033 4489 1137 4536 statute
1154 4480 1212 4536 had
1230 4479 1379 4535 conferred
