2986 5048
228 322 291 392 510
430 318 504 373 INS
507 317 579 372 TIT
580 316 634 373 UT
633 315 778 374 IONUM
796 317 915 371 LIBRI
933 317 1169 388 QUATTUOR.
1262 318 1379 384 [cmlv.

201 496 330 567 lquam
347 484 402 566 qui
418 485 503 549 clam
522 493 663 548 amovet.
699 483 787 567 Quia
807 494 919 548 tamen
938 485 984 548 ita
1003 485 1164 568 competit
1183 484 1265 549 haec
1280 486 1377 559 actio,

229 587 257 651 si
281 587 360 651 dolo
387 587 474 651 malo
505 588 643 669 quisque
674 587 836 670 rapuerit:
867 589 922 669 qui
950 589 1061 670 aliquo
1091 608 1200 652 errore
1225 589 1380 652 inductus

230 711 323 754 suam
350 712 417 755 rem
447 712 518 754 esse
545 701 580 755 et
610 692 801 774 imprudens
827 692 904 755 iuris
933 714 973 756 eo
999 693 1111 755 animo
1138 693 1255 774 rapuit,
1284 692 1380 774 quasi

230 795 365 859 domino
382 795 477 858 liceat
499 816 568 857 rem
589 815 683 857 suam
704 796 804 859 etiam
826 815 884 877 per
897 796 965 859 vim
985 796 1111 858 auferre
1126 795 1379 878 possessoribus,

230 898 356 961 absolvi
383 900 494 962 debet.
541 899 592 962 cui
617 898 741 963 scilicet
771 900 966 962 conveniens
997 908 1048 964 est
1077 919 1137 963 nec
1164 899 1241 963 furti
1274 899 1380 962 teneri

230 1023 317 1077 eum,
340 1003 396 1083 qui
420 1004 538 1066 eodem
561 1003 625 1066 hoc
647 1004 759 1067 animo
781 1005 901 1084 rapuit.
948 1005 1006 1067 sed
1031 1023 1081 1079 ne,
1107 1005 1188 1066 dum
1212 1003 1292 1067 talia
1319 1023 1380 1066 ex·

231 1107 425 1188 cogitentur,
448 1107 632 1170 inveniatur
655 1108 717 1185 via,
742 1127 801 1188 per
826 1128 926 1190 quam
953 1117 1100 1190 raptores
1126 1107 1260 1189 impune
1285 1127 1380 1170 suam

231 1220 410 1274 exerceant
440 1211 629 1273 avaritiam:
662 1212 779 1274 melius
809 1212 972 1275 divalibus
1001 1212 1290 1276 constitutionibus
1321 1231 1380 1293 pro

231 1313 292 1377 hac
320 1325 414 1397 parte
445 1325 656 1396 prospectum
684 1326 742 1389 est,
771 1324 807 1379 ut
833 1316 955 1380 nemini
981 1316 1080 1380 liceat
1103 1317 1134 1379 vi
1165 1336 1280 1397 rapere
1310 1335 1381 1378 rem

232 1419 389 1482 mobilem
405 1419 508 1494 velse
528 1428 726 1497 moventem,
742 1419 819 1485 licet
839 1441 933 1484 suam
949 1421 1089 1484 eandem
1107 1440 1175 1485 rem
1192 1412 1381 1484 existimet:

231 1524 290 1586 sed
316 1524 343 1585 si
369 1525 442 1605 quis
467 1533 581 1586 contra
603 1533 729 1588 statuta
753 1524 874 1601 fecerit,
900 1526 945 1588 rei
971 1526 1105 1606 quidem
1129 1545 1207 1588 suae
1233 1524 1382 1587 dominio

232 1627 358 1704 cadere,
380 1628 430 1689 sin
454 1637 566 1691 autem
589 1626 696 1690 aliena
715 1629 766 1706 sit,
789 1639 865 1711 post
890 1630 1131 1693 restitutionem
1158 1629 1257 1692 etiam
1283 1628 1383 1691 aesti-

233 1730 411 1793 mationem
424 1731 570 1794 eiusdem
584 1731 628 1794 rei
645 1741 820 1812 praestare.
855 1734 944 1815 quod
959 1753 1024 1795 non
1037 1731 1142 1795 solum
1158 1731 1382 1795 inmobilibus

233 1833 339 1911 rebus,
362 1855 446 1915 quae
471 1834 540 1915 rapi
564 1843 711 1916 possunt,
730 1835 982 1900 constitutiones
1005 1836 1154 1918 optinere
1176 1845 1382 1911 censuerunt,

233 1937 408 2000 sedetiam
430 1937 462 1999 iu
478 1936 708 2014 invasionibus,
724 1958 809 2020 quae
830 1940 915 2003 circa
936 1959 987 2002 res
1007 1938 1068 2002 soli
1086 1937 1177 2015 fiunt,
1193 1948 1230 2001 ut
1252 1959 1295 2014 ex
1318 1936 1381 2000 hac
1471 1958 1477 1967 ·

203 2053 331 2107 2causa
355 2042 443 2103 omni
463 2041 576 2121 rapina
598 2038 749 2105 homines
770 2041 968 2106 abstineant.
1015 2042 1053 2105 In
1078 2043 1140 2106 hac
1163 2042 1292 2105 actione
1315 2060 1382 2102 non

233 2146 347 2226 utique
372 2153 584 2226 exspectatur
613 2165 682 2206 rem
712 2146 744 2208 in
769 2146 865 2210 bonis
889 2147 1009 2211 actoris
1036 2166 1126 2210 esse:
1151 2166 1227 2208 nam
1254 2145 1323 2209 sive
1348 2145 1382 2206 in

124 2304 128 2313 .
223 2249 329 2341 'bonis
359 2248 402 2310 sit
426 2249 493 2311 sive
522 2268 588 2311 non
618 2248 669 2325 sit,
694 2249 720 2311 si
745 2259 858 2314 tamen
886 2273 930 2314 ex
960 2251 1056 2314 bonis
1084 2252 1135 2325 sit,
1164 2249 1272 2313 locum
1300 2247 1383 2312 haec

203 2419 212 2433 ,
233 2354 320 2416 actio
337 2351 484 2416 habebit.
529 2372 630 2435 quare
651 2353 719 2417 sive
737 2355 950 2420 commodata
972 2355 1039 2418 sive
1060 2353 1168 2418 locata
1190 2354 1259 2417 sive
1281 2352 1382 2415 etiam

233 2609 316 2678 penal
330 2625 386 2661 was
399 2606 485 2672 utilis,
499 2606 565 2678 Dig.
577 2623 618 2674 47.
634 2610 659 2664 8.
672 2623 697 2664 2.
714 2623 745 2677 13
758 2628 765 2675 ς
783 2606 826 2662 sor
844 2609 892 2663 the
904 2608 1085 2678 explanation
1098 2608 1131 2662 os
1139 2609 1187 2663 the
1200 2616 1272 2662 term
1284 2622 1333 2660 see
1346 2623 1383 2660 on

234 2692 285 2745 Bk.
300 2691 336 2745 iii.
351 2706 375 2760 9.
389 2706 406 2759 9
419 2709 492 2761 supr.
530 2693 575 2746 All
594 2691 754 2761 praetorian
774 2692 857 2762 penal
875 2691 985 2746 actions
1005 2692 1061 2746 had
1077 2693 1125 2746 the
1138 2708 1217 2746 same
1231 2691 1308 2745 short
1321 2706 1384 2760 pre·

233 2774 368 2843 scription
389 2785 488 2844 except
508 2776 569 2830 that
589 2775 654 2830 furti
676 2775 827 2842 manifesti,
849 2775 941 2828 which
961 2792 1018 2829 was
1038 2785 1175 2845 perpetua
1194 2775 1316 2829 because
1335 2773 1384 2827 the

233 2858 348 2927 penalty
372 2859 491 2927 thereby
515 2859 695 2913 recoverable
709 2866 777 2912 'was
802 2857 973 2912 substituted
997 2859 1040 2912 ior
1064 2857 1168 2927 capital
1193 2857 1384 2927 punishment,

234 2941 322 2997 Gaius
336 2941 370 2995 iv.
388 2956 446 3006 110,
463 2956 519 3009 111,
533 2941 589 2996 Tit.
606 2957 645 2997 12.
659 2959 700 3011 pr.
714 2940 762 2996 inf.
798 2941 861 2995 The
874 2939 936 2994 heir
947 2940 980 2994 of
992 2942 1040 2995 the
1053 2941 1156 2995 robber
1168 2957 1224 2995 was
1237 2950 1287 2993 not
1300 2939 1385 2993 liable

234 3034 263 3078 to
275 3024 350 3078 actio
362 3024 500 3078 bonorum
514 3025 540 3078 vi
554 3036 697 3094 raptorum
711 3024 739 3078 in
757 3041 813 3092 any
826 3041 900 3091 case,
914 3024 1021 3093 though
1035 3024 1072 3078 he
1085 3040 1142 3078 was
1156 3024 1253 3077 suable
1266 3023 1304 3090 by
1317 3039 1385 3076 con·

234 3107 320 3161 dictio
339 3119 369 3161 to
387 3110 436 3162 the
454 3118 549 3162 extent
569 3118 597 3162 to
611 3108 702 3162 which
722 3108 769 3162 the
788 3106 963 3161 inheritance
980 3107 1038 3161 had
1050 3107 1125 3160 been
1138 3105 1273 3162 enriched
1285 3106 1324 3174 by
1337 3106 1385 3160 the

234 3191 369 3260 proceeds
381 3191 413 3244 of
422 3192 469 3245 the
484 3208 596 3260 wrong:
614 3191 764 3245 ‘adversus
777 3190 896 3245 heredes
906 3200 1002 3244 autern
1012 3191 1056 3244 vel
1069 3200 1196 3245 caeteros
1206 3205 1385 3243 successores

234 3290 291 3327 non
305 3273 424 3339 dabitur,
438 3273 503 3343 quia
516 3273 643 3344 poenalis
657 3274 731 3328 aetio
745 3273 835 3327 ineos
849 3290 905 3327 non
920 3273 1009 3327 datur.
1047 3275 1093 3327 An
1106 3283 1202 3327 tamen
1216 3271 1243 3325 in
1257 3271 1295 3339 id,
1308 3270 1386 3342 quod

235 3356 431 3426 locupletiores
445 3356 511 3431 lacti
524 3367 597 3424 sunt,
607 3356 667 3411 dari
677 3357 789 3424 debeat,
799 3356 954 3410 videamus.
975 3366 1002 3410 et
1012 3373 1066 3425 ego
1076 3365 1144 3425 puto
1152 3355 1216 3409 ideo
1226 3366 1386 3424 praetorem

236 3455 292 3493 non
311 3458 374 3495 esse
391 3439 547 3509 pollicitum
565 3440 593 3494 in
610 3441 730 3494 heredes
747 3439 775 3493 in
793 3439 822 3493 id
840 3439 915 3509 quod
933 3439 970 3493 ad
987 3456 1037 3493 eos
1050 3438 1186 3509 pervenit,
1200 3437 1265 3507 quia
1277 3438 1386 3508 putavit

236 3523 363 3578 sufficere
377 3523 584 3578 condictionem
596 3525 602 3551 ²
616 3522 722 3593 Ulpian
736 3523 764 3577 in
779 3522 846 3592 Dig.
859 3536 903 3589 47.
917 3523 940 3577 8.
956 3538 980 3575 2.
995 3537 1038 3588 27.

273 3604 286 3676 ᾗ
300 3612 325 3662 1.
344 3608 406 3660 The
419 3606 617 3661 constitutions
630 3607 753 3661 referred
766 3616 795 3660 to
808 3622 856 3660 are
865 3607 948 3660 those
958 3606 992 3659 of
999 3603 1190 3672 Valentinian,
1198 3602 1387 3672 Theodosius,

236 3690 293 3744 and
306 3689 445 3743 Arcadius
465 3689 493 3742 in
508 3689 576 3743 Cod.
590 3690 616 3743 8.
630 3704 655 3755 4.
669 3703 684 3755 7
699 3689 738 3743 ‘si
758 3688 820 3759 quis
840 3689 868 3742 in
888 3699 998 3743 tantam
1014 3687 1115 3743 luroris
1128 3686 1287 3758 pervenerit
1300 3686 1388 3740 auda·

237 3770 319 3841 ciam,
338 3783 368 3826 ut
387 3771 598 3841 possessionem
615 3790 707 3826 rerum
726 3772 802 3842 apud
822 3772 922 3825 fiscum
940 3773 983 3825 vel
1003 3771 1080 3840 apud
1098 3770 1228 3825 homines
1246 3768 1388 3839 quoslibet

237 3855 452 3910 constitutarum
483 3866 549 3910 ante
583 3856 736 3909 adventum
768 3854 907 3909 iudicialis
937 3853 1045 3909 arbitrii
1079 3853 1216 3908 violenter
1245 3852 1388 3920 invaserit,

238 3938 369 3992 dominus
383 3937 498 4008 quidem
511 3937 680 3992 constitutus
693 3936 903 4007 possessionem
916 3954 1002 4007 quam
1012 3936 1128 3991 abstulit
1138 3934 1265 3991 restituat
1276 3951 1388 4004 posses·

237 4022 293 4077 sori
307 4032 334 4076 et
348 4021 504 4076 dominium
517 4020 645 4075 eiusdem
661 4020 701 4074 rei
719 4020 839 4075 amittat.
877 4019 907 4075 Si
921 4037 987 4075 vero
1002 4020 1158 4087 aliernum
1171 4036 1264 4073 rerum
1276 4034 1388 4088 posses-

237 4105 347 4160 sionem
373 4103 484 4170 invasit,
509 4121 565 4157 non
596 4104 687 4159 solum
715 4120 779 4158 eam
809 4102 1020 4172 possidentibus
1045 4102 1155 4169 reddat,
1179 4117 1276 4156 verum
1301 4100 1389 4155 etiam

238 4185 464 4243 aestimationem
477 4186 631 4240 earundem
645 4203 737 4240 rerum
751 4184 897 4240 restituere
911 4186 1113 4255 compellatur!
1142 4186 1199 4240 For
1211 4182 1259 4239 the
1269 4181 1390 4238 relation

238 4270 271 4325 ol
285 4270 340 4325 this
359 4279 520 4324 enaetment
538 4279 568 4323 to
584 4270 632 4323 the
651 4267 783 4324 interdict
799 4269 874 4323 unde
886 4267 914 4322 vi
928 4285 976 4324 see
989 4286 1026 4323 on
1039 4266 1096 4324 Tit.
1113 4280 1153 4339 15.
1166 4267 1184 4322 6
1199 4266 1247 4322 inf.
1261 4265 1320 4321 and
1334 4267 1388 4321 Mr.

240 4354 347 4407 Poste's
361 4364 427 4406 note
440 4369 477 4406 on
491 4351 579 4406 Gaius
593 4351 629 4405 iii.
644 4366 704 4421 209.

275 4433 289 4506 ξ
304 4438 332 4491 2.
352 4436 414 4492 The
432 4434 595 4506 expression
614 4451 649 4492 ex
665 4433 748 4490 bouis
762 4432 785 4490 is
799 4434 865 4490 here
878 4431 1007 4505 opposed
1020 4442 1049 4490 to
1061 4431 1229 4502 dominium,
1241 4442 1272 4489 to
1283 4430 1389 4488 deuote
