2986 5048
243 374 309 434 404
446 362 798 420 lwsrrwrrowun
814 362 935 419 cmm
954 362 1189 435 Qunrwon.
1276 364 1345 433 [na.
1356 368 1405 420 nr.

245 528 502 612 obligationibus
527 527 696 603 adiciatur,
727 527 808 592 nihil
834 528 924 594 valet
951 527 1129 613 stipulatio.
1183 529 1402 613 impossibilis

245 645 357 699 autem
387 634 537 698 condicio
565 632 716 707 habetur,
743 632 795 696 cui
827 643 943 697 natura
969 634 1209 716 impedimento
1239 645 1299 713 est,
1330 656 1401 718 quo

245 739 353 801 minus
378 738 510 812 existat,
534 736 636 801 veluti
663 736 690 800 si
717 736 791 818 quis
821 736 868 801 ita
898 738 1039 803 dixerit:
1063 739 1108 803 ‘si
1132 739 1237 822 digito
1268 738 1400 803 caelum

243 842 394 924 attiger0,
409 843 488 906 dare
507 837 692 924 spondesi'
714 851 750 904 at
772 840 799 904 si
815 841 861 904 ita
881 841 1063 925 stipuletur,
1080 843 1127 906 ‘si
1143 843 1248 926 digito
1266 842 1400 906 caelum

245 966 310 1008 non
329 945 479 1028 attigero,
497 947 577 1009 dare
599 941 783 1027 spondesi'
809 964 889 1027 pure
909 943 998 1008 lacta
1017 945 1178 1028 obligatio
1194 945 1400 1027 intellegitur

197 1060 230 1115 12
244 1051 385 1133 ideoque
405 1050 517 1114 statim
537 1059 650 1132 petere
672 1058 792 1130 potest.
839 1048 926 1112 Item
944 1050 1119 1114 verborum
1135 1050 1296 1133 obligatio
1311 1050 1399 1114 inter

243 1153 397 1217 absentes
412 1162 574 1234 concepta
594 1152 717 1215 inutilis
736 1160 797 1216 est.
834 1153 892 1216 sed
914 1172 988 1216 cum
1011 1152 1075 1218 hoc
1098 1155 1270 1217 materiam
1287 1153 1397 1218 litium

242 1257 456 1321 contentiosis
484 1255 674 1320 hominibus
704 1257 903 1338 praestabat,
931 1255 1015 1321 lorte
1044 1266 1122 1340 post
1148 1268 1282 1342 tempus
1310 1258 1397 1322 tales

241 1361 459 1443 allegationes
481 1359 725 1443 opponentibus
749 1369 782 1424 et
806 1381 872 1424 non
895 1371 1088 1443 praesentes
1110 1383 1182 1426 esse
1204 1362 1257 1426 vel
1279 1384 1316 1427 se
1342 1362 1396 1427 vel

241 1465 446 1528 adversarios
480 1485 557 1530 suos
596 1464 896 1529 contendentibus:
934 1465 1008 1529 ideo
1050 1476 1162 1530 nostra
1200 1469 1396 1534 constitutio

240 1578 376 1651 propter
391 1567 592 1633 celeritatem
608 1568 866 1632 dirimendamm
882 1568 991 1633 litium
1012 1569 1199 1635 introducta
1215 1582 1276 1643 est,
1292 1593 1395 1654 quam

239 1675 283 1737 ad
302 1671 540 1737 Caesareenses
557 1672 736 1735 advocatos
757 1673 954 1756 scripsimus,
971 1693 1030 1756 per
1049 1695 1150 1757 quam
1171 1675 1396 1757 disposuimus

240 1775 325 1841 tales
345 1776 530 1859 scripturae,
548 1796 633 1858 quae
654 1787 787 1858 praesto
805 1798 877 1840 esse
898 1787 1007 1861 partes
1028 1777 1183 1855 indicant,
1199 1780 1395 1845 omnimodo

240 1902 312 1945 esse
335 1881 527 1955 credendas,
551 1880 612 1943 nisi
636 1879 715 1963 ipse,
737 1880 793 1961 qui
817 1881 940 1945 talibus
962 1881 1065 1946 utitur
1087 1880 1247 1965 improbis
1269 1883 1395 1966 allega·

240 1985 394 2060 tionibus,
410 1982 685 2047 manifestissimis
704 1985 954 2067 probationibus
974 1985 1027 2048 vel
1047 2006 1108 2067 per
1126 1985 1323 2067 scripturam
1341 1986 1395 2052 vel

238 2110 298 2171 per
324 2097 426 2153 testes
457 2087 593 2151 idoneos
620 2088 852 2170 approbaverit
882 2089 916 2152 in
943 2089 1014 2172 ipso
1041 2098 1114 2153 toto
1140 2090 1194 2154 die
1220 2111 1289 2174 quo
1314 2112 1394 2156 con-

239 2193 410 2257 ficiebatur
433 2193 689 2256 instrumentum
713 2214 786 2256 sese
808 2193 863 2257 vel
889 2194 1113 2258 adversarium
1138 2215 1234 2259 suum
1260 2196 1294 2258 in
1320 2195 1394 2260 aliis

192 2305 225 2360 13
239 2295 320 2361 locis
343 2317 424 2360 esse.
469 2294 549 2360 Post
572 2306 713 2360 mortem
738 2315 832 2359 suam
856 2295 927 2358 dari
951 2295 1014 2358 sibi
1039 2315 1137 2359 nemo
1160 2295 1310 2377 stipulari
1332 2317 1394 2379 po·

238 2409 332 2475 terat,
350 2420 416 2464 non
432 2399 538 2481 magis
561 2419 662 2481 quam
685 2407 762 2482 post
784 2400 854 2462 eius
877 2409 1019 2463 mortem
1037 2418 1059 2461 a
1078 2419 1145 2481 quo
1160 2398 1392 2481 stipulabatur.

237 2525 276 2568 ac
310 2525 352 2568 ne
381 2505 416 2581 is,
443 2503 499 2586 qui
529 2504 563 2565 in
595 2503 733 2567 alicuius
762 2511 930 2586 potestate
957 2511 1015 2578 est,
1043 2511 1120 2585 post
1150 2512 1293 2566 mortem
1323 2505 1394 2567 eius

238 2606 386 2690 stipulari
409 2614 547 2690 poterat,
572 2606 649 2688 quia
675 2607 779 2689 patris
804 2605 857 2670 vel
882 2606 1008 2670 domini
1036 2626 1117 2670 voce
1139 2605 1231 2689 loqui
1251 2607 1393 2672 videtur.

238 2713 296 2776 sed
312 2722 345 2776 et
365 2712 392 2774 si
414 2711 487 2793 quis
510 2711 557 2773 ita
571 2710 756 2793 stipuletur,
772 2710 895 2794 ‘pridie
918 2730 1018 2792 quam
1035 2707 1170 2773 moriar’
1193 2709 1246 2774 vel
1268 2711 1393 2794 ‘pridie

238 2837 338 2898 quam
363 2814 509 2879 morieris
535 2811 647 2877 darii'
669 2814 794 2877 inutilis
819 2824 890 2878 erat
920 2815 1100 2897 stipulatio.
1153 2815 1213 2878 sed
1239 2836 1329 2890 cum,
1357 2826 1394 2881 ut

238 2921 303 2982 iam
332 2915 465 2982 'dictum
499 2927 558 2996 est,
589 2939 633 2982 ex
667 2938 826 2982 consensu
861 2918 1127 2983 contrahentium
1162 2918 1393 3002 stipulationes

237 3023 357 3100 valent,
382 3022 505 3104 placuit
535 3022 630 3085 nobis
657 3022 757 3086 etiam
787 3022 820 3084 in
850 3021 937 3085 hunc
968 3022 1045 3084 iuris
1073 3022 1249 3085 articulum
1281 3044 1394 3088 neces·

238 3237 376 3307 positions
389 3254 437 3292 see
451 3253 487 3290 on
502 3237 553 3290 Bk.
567 3235 593 3288 ii.
613 3250 649 3301 14.
668 3251 700 3289 10
712 3252 788 3304 supr.
824 3237 850 3289 A
863 3235 1008 3290 condition
1025 3236 1049 3292 is
1066 3236 1231 3307 impossible
1245 3238 1286 3306 (1)
1300 3238 1392 3294 which

237 3331 342 3374 cannot
356 3321 413 3374 and
425 3336 512 3374 never
524 3318 607 3372 could
621 3319 693 3372 have
706 3318 779 3372 been
792 3318 917 3387 fulfilled,
931 3319 997 3389 quia
1013 3330 1115 3374 natura
1130 3319 1336 3389 impedimento
1349 3332 1392 3377 est

239 3403 378 3471 (absolute
387 3402 515 3473 physical
523 3400 1089 3473 impossibility)‚orwhichcontemplates
1097 3404 1392 3460 thenon-occurrence

238 3488 271 3541 of
280 3488 327 3542 the
340 3504 499 3555 necessary,
512 3503 537 3540 e.
546 3503 572 3554 g.
587 3485 609 3538 si
623 3501 769 3554 nunquam
782 3485 886 3539 moriar
899 3503 906 3552 ;
925 3503 957 3539 or
971 3486 1009 3554 (2)
1024 3485 1115 3540 which
1127 3486 1217 3554 might
1230 3487 1305 3542 have
1318 3488 1392 3544 been

237 3570 354 3624 lulfilled
368 3569 458 3624 under
469 3569 550 3622 other
563 3566 792 3636 circumstances,
805 3568 856 3622 but
873 3585 936 3622 now
950 3579 1062 3636 cannot,
1075 3569 1119 3623 lor
1131 3570 1179 3623 the
1196 3586 1277 3625 same
1289 3588 1391 3626 reason

238 3652 365 3720 (relative
381 3651 508 3721 physical
529 3650 749 3720 impossibility),
763 3668 794 3705 or
808 3650 847 3719 (3)
861 3653 909 3706 the
929 3652 1076 3707 lulfilment
1092 3651 1126 3705 of
1138 3651 1229 3706 which
1244 3653 1268 3707 is
1287 3653 1392 3725 impos·

237 3736 309 3791 sible
322 3746 370 3789 not
390 3736 428 3804 by
442 3744 542 3789 nature
560 3734 610 3788 but
629 3735 668 3803 by
680 3736 733 3788 law
752 3734 827 3802 (‘ubi
845 3735 961 3789 omnino
978 3735 1109 3790 condicio
1127 3735 1185 3790 iure
1203 3736 1314 3805 impleri
1334 3756 1391 3793 non

237 3828 331 3888 potest
351 3819 394 3873 vel
414 3818 442 3872 id
461 3818 554 3872 lacere
572 3816 598 3871 ei
617 3834 674 3871 non
693 3816 785 3885 liceat,
805 3816 907 3872 nullius
930 3818 1066 3872 momenti
1089 3819 1148 3873 lore
1168 3819 1390 3892 stipulationem,

237 3901 356 3972 proinde
375 3900 450 3955 acsi
473 3918 508 3955 ea
527 3899 666 3967 condicio,
687 3917 760 3970 quae
780 3912 881 3954 natura
904 3900 1087 3970 impossibilis
1105 3913 1157 3970 est,
1176 3901 1283 3958 inserta
1301 3907 1392 3960 esset³

238 3985 305 4054 Dig.
318 3998 361 4053 45.
379 4000 399 4038 1.
418 3997 473 4051 137.
488 3983 525 4053 6),
543 4000 576 4036 or
594 3982 632 4051 by
650 3983 770 4052 positive
789 3983 927 4052 morality,
942 3982 956 4054 §
972 3999 1007 4050 24
1020 3983 1066 4039 inf.
1104 3987 1131 4039 A
1149 3984 1314 4055 stipulation
1334 4007 1391 4045 was

236 4066 376 4137 regarded
395 4083 426 4121 as
449 4066 533 4136 ‘pure
555 4066 645 4119 lacta’
667 4077 716 4119 not
737 4067 804 4133 only
823 4065 848 4119 il
866 4067 914 4121 the
936 4066 1081 4121 condition
1101 4085 1158 4122 was
1183 4085 1336 4139 necessary
1353 4072 1391 4140 by

236 4162 336 4206 nature
352 4152 386 4219 (e.
395 4167 420 4218 g.
434 4148 458 4203 si
472 4150 561 4220 digito
574 4150 684 4204 caelum
697 4166 754 4204 non
768 4148 909 4220 attigero),
922 4150 972 4206 but
986 4151 1047 4205 also
1060 4149 1084 4205 il
1093 4150 1114 4206 it
1128 4168 1185 4207 was
1198 4168 1351 4223 necessary
1362 4153 1390 4209 in

236 4234 298 4301 law,
313 4233 379 4302 Dig.
393 4233 434 4287 28.
450 4246 473 4299 7.
488 4247 530 4288 20.
544 4248 588 4301 pr.

272 4318 287 4384 ἧ
302 4319 348 4370 12.
368 4318 423 4372 See
440 4326 506 4371 note
523 4333 560 4370 on
574 4315 629 4371 Tit.
647 4329 684 4386 15·
703 4332 713 4371 1
730 4332 804 4385 supr.
842 4316 904 4372 The
922 4316 1106 4373 constitution
1126 4318 1250 4374 referred
1269 4329 1300 4376 to
1319 4319 1343 4374 is
1360 4319 1389 4377 in

238 4399 309 4454 Cod.
323 4400 346 4454 8.
361 4400 404 4467 38.
421 4414 461 4466 14.

273 4484 287 4552 y
302 4484 346 4539 13.
365 4485 392 4538 A
405 4480 568 4553 stipulation
581 4481 624 4536 sor
637 4497 817 4553 conveyance
830 4491 860 4538 to
876 4498 931 4540 one
949 4482 1021 4541 aster
1032 4485 1109 4542 one’s
1127 4483 1213 4543 death
1227 4483 1251 4541 is
1264 4484 1294 4542 in
1305 4485 1390 4545 effect
