2986 5048
159 347 258 414 Tich]
431 347 492 402 DE
513 346 763 404 NOXAHBUS
779 346 1048 404 ACTIONIBUS.
1243 334 1308 422 563

158 522 217 577 aut
232 513 341 577 edicto
363 513 541 595 praetoris:
564 511 692 596 legibus
706 509 808 575 veluti
827 510 904 575 lurti
925 510 1000 592 lege
1018 509 1193 575 duodecim
1211 510 1308 574 tabu·

157 614 273 694 larum,
284 617 398 681 damni
410 617 547 681 iniuriae
556 616 631 699 lege
639 614 794 698 Aquilia:
818 616 926 680 edicto
941 616 1102 697 praetoris
1112 613 1212 678 veluti
1224 614 1308 677 iniu-

158 719 278 782 riarum
297 729 331 784 ct
345 721 377 783 vi
391 719 553 783 bonorum
569 729 747 802 raptorum.
792 718 911 784 Omnis
933 730 1047 783 autem
1070 717 1200 781 noxalis
1218 718 1306 782 actio
1320 730 1338 785 6

156 831 257 904 caput
266 824 422 904 sequitur.
445 843 522 886 nam
532 824 560 886 si
571 842 682 887 servus
692 831 768 885 tuus
779 822 917 886 noxiam
927 822 1137 899 commiserit,
1147 821 1306 903 quamdiu

156 926 189 989 in
206 933 264 989 tua
279 935 446 1009 potestate
465 927 517 1005 sit,
532 936 642 991 tecum
658 935 710 989 est
724 926 833 990 actio:
856 925 883 989 si
901 927 933 989 iu
954 924 1089 990 alterius
1104 934 1306 1007 potestatem

155 1030 350 1111 pervenerit,
362 1049 437 1094 cum
453 1029 510 1093 illo
525 1030 640 1112 incipit
656 1029 744 1093 actio
759 1039 907 1107 esse,aut
922 1028 948 1093 si
965 1030 1187 1092 manumissus
1201 1028 1307 1107 luerit,

155 1132 282 1196 directo
298 1134 369 1215 ipse
383 1143 516 1198 tenetur
530 1144 565 1199 et
587 1132 793 1216 extinguitur
813 1152 923 1196 noxae
944 1133 1079 1196 deditio.
1117 1153 1161 1195 ex
1176 1132 1307 1197 diverso

155 1255 287 1318 quoque
302 1237 427 1301 directa
447 1237 534 1301 actio
558 1235 689 1300 noxalis
711 1256 783 1300 esse
802 1235 933 1318 incipit:
958 1256 1035 1299 nam
1057 1237 1083 1298 si
1103 1234 1188 1298 liber
1204 1235 1307 1300 homo

155 1340 291 1403 noxiam
303 1340 505 1404 commiserit
517 1350 550 1404 et
565 1341 592 1405 is
604 1359 716 1403 servus
727 1348 804 1405 tuus
819 1360 891 1404 esse
904 1341 1050 1422 coeperit
1061 1337 1165 1424 (quod
1177 1341 1306 1404 casibus

154 1442 352 1523 quibusdam
375 1444 458 1508 effici
484 1444 591 1526 primo
618 1442 702 1506 libro
725 1439 943 1528 tradidimus),
964 1443 1077 1526 incipit
1100 1452 1210 1507 tecum
1234 1463 1306 1508 esse

156 1545 285 1610 noxalis
311 1549 410 1623 actio,
436 1568 522 1630 quae
546 1556 624 1611 ante
650 1547 776 1612 directa
800 1546 927 1613 luisset.
971 1546 1007 1612 Si
1034 1566 1146 1610 servus
1169 1546 1337 1611 dominod

38 1712 42 1718 ,
156 1649 291 1712 noxiam
319 1651 528 1729 commiserit,
550 1651 637 1715 actio
660 1649 750 1715 nulla
773 1652 934 1715 nascitur:
967 1670 1110 1732 namque
1137 1651 1222 1714 inter
1245 1651 1304 1714 do-

156 1752 281 1815 minum
298 1763 332 1817 et
348 1774 423 1817 eum
445 1755 501 1836 qui
524 1753 643 1817 ineius
664 1764 831 1837 potestate
851 1763 902 1819 est
924 1754 1015 1817 nulla
1035 1753 1195 1837 obligatio
1216 1755 1305 1817 nasci

155 1865 276 1937 potest.
314 1857 454 1940 ideoque
469 1868 502 1922 et
518 1858 544 1921 si
560 1859 594 1921 in
613 1857 756 1923 alienam
777 1868 978 1941 potestatem
995 1877 1106 1922 servus
1122 1859 1306 1939 pervenerit

153 1969 212 2023 aut
235 1962 455 2025 manumissus
478 1961 584 2039 luerit,
599 1982 706 2045 neque
728 1982 803 2026 cum
826 1962 898 2044 ipso
921 1981 1028 2043 neque
1050 1980 1125 2024 cum
1145 1981 1194 2038 eo,
1212 1960 1305 2024 cuius

154 2082 240 2126 nunc
270 2064 303 2126 in
333 2075 500 2146 potestate
530 2065 582 2143 sit,
608 2066 662 2148 agi
692 2075 813 2147 potest.
862 2065 950 2128 unde
979 2065 1007 2127 si
1036 2063 1163 2128 alienus
1192 2083 1305 2128 servus

154 2167 290 2230 noxiam
320 2168 381 2231 tibi
408 2167 609 2233 commiserit
633 2179 667 2233 et
693 2169 721 2232 is
750 2179 869 2252 postea
895 2168 929 2231 in
951 2176 1117 2251 potestate
1147 2177 1206 2231 tua
1232 2188 1305 2232 esse

152 2271 306 2352 coeperit,
332 2270 497 2337 intercidit
522 2272 619 2348 actio,
636 2273 715 2355 quia
738 2273 771 2336 in
793 2292 869 2336 eurn
892 2292 1005 2336 casum
1028 2271 1172 2336 deducta
1194 2270 1248 2346 sit,
1271 2271 1305 2335 in

152 2392 220 2454 quo
242 2374 420 2439 consistere
446 2396 512 2439 non
536 2376 665 2459 potuit:
693 2377 834 2459 ideoque
857 2377 934 2440 licet
956 2374 1074 2439 exierit
1098 2376 1142 2438 de
1165 2382 1223 2438 tua
1247 2394 1306 2455 po-

153 2485 283 2552 testate,
300 2498 398 2560 agere
413 2499 479 2543 nou
495 2489 599 2562 potes,
615 2481 898 2562 quemadmodum
911 2479 937 2542 si
954 2479 1108 2542 dominus
1124 2478 1157 2540 in
1172 2495 1303 2541 servum

152 2598 248 2641 suum
275 2581 399 2664 aliquid
425 2584 636 2660 commiserit,
666 2603 727 2647 nec
756 2584 783 2646 si
814 2582 1035 2646 manumissus
1058 2580 1111 2644 vel
1141 2580 1304 2644 alienatus

152 2681 249 2747 suerit
265 2704 387 2764 servus,
403 2686 503 2750 ullam
524 2686 689 2750 actionem
710 2695 825 2749 contra
842 2685 1014 2748 dominum
1037 2684 1160 2747 habere
1183 2693 1303 2764 potest.

151 2878 223 2932 from
242 2879 346 2935 veluti.
358 2919 367 2935 .
379 2918 387 2937 .
399 2879 485 2935 veluti
500 2899 506 2935 :
524 2897 543 2936 a
560 2880 645 2935 noxal
663 2879 758 2935 action
777 2896 835 2934 was
852 2877 937 2948 given
955 2895 1032 2949 upon
1054 2877 1249 2950 quasi-delicta
1270 2895 1303 2934 as

151 2962 223 3030 well,
237 2962 304 3032 Dic·
317 2979 342 3032 o
357 2978 383 3030 4·
396 2978 422 3019 2·
438 2979 471 3031 1;
490 2977 533 3031 47·
551 2979 572 3018 1-
590 2978 611 3018 1·
627 2977 664 3030 23
683 2975 725 3030 47·
740 2977 764 3030 7·
779 2975 802 3030 7·
820 2975 844 3032 s·

187 3042 242 3116 §b
263 3048 286 3100 F
288 3064 320 3102 or
338 3048 386 3102 the
404 3047 504 3102 modes
523 3047 552 3102 in
567 3046 659 3102 which
676 3062 694 3102 a
713 3046 771 3102 lree
790 3063 857 3102 man
876 3046 960 3101 could
979 3046 1098 3102 become
1119 3062 1137 3101 a
1155 3048 1233 3101 slave
1254 3062 1303 3101 see

152 3128 205 3184 Bk.
219 3129 237 3185 i.
250 3146 274 3200 3.
288 3147 313 3200 4,
327 3131 384 3186 and
397 3142 478 3187 notes
492 3148 566 3201 supr.

187 3211 244 3283 §⁰-
263 3216 325 3271 The
339 3215 397 3270 first
410 3214 463 3269 lew
475 3214 546 3270 lines
560 3213 593 3268 ol
605 3213 661 3270 this
679 3213 787 3269 sectiou
804 3229 853 3269 are
869 3229 942 3284 open
958 3223 989 3268 to
1004 3212 1237 3283 misconception.
1277 3214 1302 3268 lt

151 3313 208 3352 was
226 3308 276 3352 not
294 3298 401 3367 merely
413 3298 475 3353 that
494 3315 532 3352 no
551 3297 645 3352 action
659 3298 706 3368 lay
718 3313 794 3368 upon
814 3313 832 3351 a
850 3297 935 3351 delict
955 3297 1120 3352 committed
1139 3297 1207 3364 bya
1224 3297 1302 3351 slave

150 3380 261 3449 against
275 3381 319 3436 his
332 3381 472 3450 dominus,
482 3381 532 3435 but
543 3381 564 3436 it
574 3398 646 3449 gave
658 3381 714 3437 rise
724 3390 754 3435 to
764 3397 802 3435 no
812 3379 967 3452 obligation
978 3380 1301 3435 whatever-doubtless

148 3465 271 3519 because
284 3466 332 3519 the
345 3474 451 3519 master
466 3464 550 3519 could
568 3473 615 3534 get
634 3463 693 3518 him
711 3462 853 3534 punished
867 3462 906 3532 by
920 3480 957 3517 an
975 3464 1077 3534 appeal
1096 3472 1126 3517 to
1144 3464 1193 3518 the
1211 3471 1302 3518 extra·

148 3546 291 3602 ordinaria
304 3546 428 3616 cognitio
440 3548 473 3601 ol
481 3548 529 3602 the
541 3556 662 3618 praetor,
675 3564 708 3602 or
726 3563 797 3602 even
814 3545 902 3601 indict
919 3547 968 3603 the
984 3548 1099 3616 penalty
1115 3546 1144 3600 in
1160 3563 1264 3617 person
1281 3546 1306 3600 il

148 3631 197 3685 the
209 3630 318 3686 offence
331 3647 404 3685 were
417 3647 435 3685 a
447 3629 517 3697 light
530 3647 593 3686 one.
631 3632 658 3685 N
662 3647 694 3684 or
706 3629 730 3684 is
744 3629 765 3685 it
777 3641 839 3685 true
852 3631 913 3684 that
927 3629 1016 3685 ‘inter
1031 3628 1178 3684 dominum
1193 3640 1221 3686 et
1234 3647 1300 3686 eum

147 3713 195 3784 qui
215 3712 244 3767 in
262 3724 403 3784 potestate
419 3712 480 3768 eius
499 3724 543 3769 est
561 3714 639 3768 nulla
655 3713 792 3783 obligatio
810 3713 889 3768 nasci
907 3715 1028 3784 potestz’
1048 3713 1177 3769 between
1194 3724 1300 3768 master

147 3797 205 3852 and
218 3798 304 3865 slave,
317 3808 398 3866 pater
409 3797 466 3851 and
480 3796 686 3865 filiusfamilias,
696 3798 776 3851 there
789 3796 872 3850 could
885 3797 921 3851 be
934 3795 1071 3852 naturalis
1084 3796 1134 3852 but
1147 3806 1196 3852 not
1209 3795 1300 3852 civilis

147 3879 291 3948 obligatio,
305 3879 360 3935 Tit.
374 3894 399 3947 7.
412 3894 429 3947 3
441 3880 607 3950 supr.„Dig.
624 3895 664 3934 12.
676 3880 703 3935 6.
715 3880 771 3946 643
788 3894 832 3946 44.
845 3893 869 3945 7.
887 3893 927 3946 14.

182 3964 245 4017 The
268 3962 431 4017 Proculians
449 3964 507 4018 had
525 3961 702 4017 maintained
724 3964 786 4018 that
809 3964 857 4019 the
879 3960 975 4018 action
995 3962 1040 4017 lor
1059 3963 1109 4019 the
1131 3961 1216 4017 delict
1235 3963 1299 4019 osa

146 4047 225 4102 slave
238 4064 295 4101 was
308 4057 358 4102 not
371 4046 568 4116 extinguished
581 4047 619 4115 by
632 4046 677 4100 his
690 4045 804 4116 coming
817 4045 907 4101 under
918 4046 967 4101 the
979 4061 1074 4116 power
1085 4045 1119 4100 ol
1127 4045 1176 4100 the
1189 4043 1299 4115 iujured

145 4145 258 4198 person,
270 4129 322 4183 but
341 4129 407 4199 only
425 4129 597 4198 suspended,
616 4129 697 4184 ‘cum
716 4145 783 4184 vero
802 4128 899 4184 exierit
920 4128 956 4184 de
974 4145 1040 4184 mea
1060 4136 1211 4199 potestate,
1230 4137 1299 4184 tunc

145 4228 209 4267 eam
222 4210 397 4267 resuscitari’
411 4212 499 4266 Gaius
513 4211 548 4267 iv.
562 4212 606 4280 78.

181 4296 204 4348 F
207 4311 239 4348 or
250 4293 438 4363 applications
455 4293 487 4349 ol
500 4295 549 4350 the
564 4295 624 4349 rule
640 4293 731 4365 ‘quae
749 4292 779 4348 iu
797 4309 862 4349 eam
880 4309 995 4348 causam
1011 4304 1198 4365 pervenerunt
1211 4309 1299 4364 aqua

146 4375 269 4446 incipere
287 4393 345 4431 nou
363 4386 494 4447 poteraut
511 4393 563 4448 pro
581 4393 639 4432 non
661 4376 774 4446 scriptis
794 4375 950 4432 habentur’
966 4377 1004 4432 cl.
1016 4376 1068 4431 Bk
1082 4376 1108 4433 ii
1123 4391 1167 4433 20.
1183 4391 1236 4446 143
1257 4375 1298 4434 iii.

148 4459 1094 4534 19.asupr,audDig.p1.1r;·8.1.11;9216534842.

682 4559 707 4615 0
721 4567 743 4614 0
758 4563 778 4618 2
