2986 5048
124 331 410 404 transportatis
430 332 580 388 MODUS
599 332 672 388 IUS
692 332 917 390 POTESTAT
916 333 959 390 IS
979 333 1194 392 SOLVITUR.
1213 341 1274 413 135

123 506 248 562 statum
272 496 440 581 recipiunt.
487 495 640 580 Relegati
662 507 773 562 autem
801 506 911 581 patres
936 497 968 561 in
995 498 1135 563 insulam
1159 501 1193 563 in
1216 505 1305 584 po-2

124 610 247 667 testate
269 622 328 665 sua
352 600 472 666 liberos
496 601 655 666 retinent:
681 611 715 666 et
738 623 757 667 e
779 603 943 666 contrario
966 603 1058 667 liberi
1082 602 1217 686 relegati
1241 605 1273 668 in

123 714 291 789 potestate
314 715 488 788 parentum
512 713 692 770 remanent.
746 704 876 770 Poenae
897 728 1009 771 servus
1033 706 1168 772 effectus
1189 707 1305 773 filios3

123 813 156 873 in
182 819 350 894 potestate
372 809 494 873 habere
520 809 649 873 desinit.
703 811 786 873 servi
808 820 919 875 autem
939 832 1067 894 poenae
1081 813 1273 891 efficiuntur,

123 912 180 997 qui
197 914 229 977 in
245 912 417 978 metallum
432 914 632 977 damnantur
647 921 681 977 et
702 914 758 995 qui
778 913 893 977 bestiis
914 916 1126 981 subiciuntur.
1172 917 1201 980 F
1202 918 1306 982 iliust

123 1016 266 1083 familias
288 1018 315 1081 si
340 1018 538 1092 militaverit,
554 1018 607 1082 vel
631 1018 657 1082 si
679 1027 813 1082 senator
832 1019 884 1082 vel
906 1021 1018 1084 consul
1041 1020 1137 1086 fuerit
1160 1021 1275 1103 iactus,

125 1135 237 1191 manet
253 1124 403 1209 in'patris
418 1134 595 1209 potestate.
630 1125 747 1189 militia
762 1127 850 1188 enim
866 1126 917 1190 vei
933 1127 1115 1191 consularia
1130 1128 1275 1210 dignitas

123 1230 227 1312 patris
256 1237 424 1312 potestate
454 1228 557 1292 filium
589 1249 655 1293 non
684 1229 813 1293 liberat.
868 1230 928 1293 sed
961 1251 1005 1293 ex
1043 1231 1275 1297 constitutione

125 1340 238 1396 nostra
259 1353 388 1396 summa
406 1332 597 1416 patriciatus
616 1333 760 1415 dignitas
783 1331 858 1396 ilico
878 1334 921 1396 ab
942 1333 1165 1416 imperialibus
1184 1336 1274 1399 codi-

124 1435 208 1499 cillis
227 1435 390 1518 praestitis
408 1458 428 1500 a
448 1436 554 1520 patria
573 1445 741 1519 potestate
761 1436 887 1500 liberat.
932 1437 1005 1519 quis
1027 1439 1115 1500 enim
1131 1439 1276 1520 patiatur

123 1549 253 1622 patrem
269 1539 405 1622 quidem
427 1560 525 1623 posse
547 1560 606 1622 per
624 1539 895 1622 emancipationis
914 1542 1049 1604 modum
1068 1561 1146 1604 suae
1164 1551 1275 1623 potes·

124 1643 203 1721 tatis
218 1643 358 1707 nexibus
373 1643 476 1707 filium
489 1643 647 1722 relaxare,
659 1643 903 1727 imperatoriam
919 1652 1031 1708 autem
1046 1644 1274 1710 celsitudinem

124 1766 190 1810 non
213 1746 322 1811 valere
345 1768 420 1810 eum
445 1768 544 1831 quem
571 1748 632 1811 sibi
659 1757 788 1831 patrem
812 1746 911 1830 elegit
933 1747 976 1811 ab
998 1747 1105 1811 aliena
1128 1750 1274 1816 eximere

123 1848 312 1932 potestate?
353 1850 390 1915 Si
421 1852 464 1915 ab
501 1851 651 1916 hostibus
689 1861 805 1934 captus
836 1850 932 1915 suerit
964 1870 1091 1934 parens,
1123 1854 1305 1935 quamvis5

123 1973 236 2018 servus
257 1954 401 2018 hostium
425 1955 493 2034 fiat,
511 1965 623 2020 tamen
644 1956 768 2038 pendet
795 1955 844 2019 ius
868 1955 1045 2020 liberorum
1068 1966 1202 2040 propter
1225 1960 1274 2023 ius

122 2058 333 2142 postliminii:
364 2062 442 2142 quia
471 2059 516 2137 hi,
543 2062 599 2143 qui
625 2060 669 2125 ab
698 2059 849 2125 hostibus
875 2059 963 2143 capti
990 2070 1076 2137 sunt,
1100 2062 1125 2125 si
1154 2064 1272 2127 reversi

124 2277 291 2332 anomalous
322 2293 411 2346 cases,
437 2277 574 2344 however,
599 2277 647 2332 the
672 2287 753 2346 pater
778 2290 834 2332 was
860 2275 995 2347 deprived
1023 2277 1056 2332 of
1077 2276 1121 2332 his
1146 2286 1273 2348 potestas

124 2378 157 2416 as
175 2378 193 2415 a
212 2359 402 2430 punishment,
416 2360 531 2415 without
551 2362 601 2416 the
619 2361 696 2415 child
714 2361 801 2431 being
818 2360 912 2431 capite
925 2360 1068 2416 minutus:
1087 2378 1112 2416 e.
1120 2379 1147 2431 g.
1167 2362 1210 2417 sor
1227 2379 1273 2418 ex-

124 2443 227 2516 posing
247 2443 292 2499 his
314 2443 450 2513 children,
473 2445 544 2499 Cod.
560 2445 586 2500 8.
604 2458 645 2513 52.
663 2460 688 2513 2,
708 2445 752 2499 ior
773 2444 944 2515 compelling
966 2445 1044 2499 them
1068 2456 1099 2499 to
1124 2445 1274 2515 prostitute

123 2529 304 2596 themselves,
325 2527 393 2582 Cod
412 2542 450 2582 11.
463 2542 506 2594 tot
520 2528 546 2597 6,
563 2528 621 2582 and
639 2528 683 2583 ior
701 2528 878 2597 contracting
890 2545 926 2582 an
941 2527 1103 2584 incestuous
1122 2529 1273 2600 marriage,

125 2615 201 2668 Nov.
217 2626 255 2667 ra
271 2626 296 2667 2.

160 2696 218 2763 §2
238 2693 406 2764 Relegation
426 2712 484 2750 was
505 2694 687 2750 banishment
712 2695 888 2750 unattended
910 2695 976 2750 with
998 2710 1055 2764 any
1076 2696 1134 2750 loss
1156 2695 1189 2749 of
1207 2696 1272 2750 civil

124 2780 229 2850 rights:
243 2778 375 2849 ‘relegati
388 2778 417 2833 in
431 2777 552 2834 insulam
565 2779 594 2832 in
607 2789 748 2849 potestate
762 2796 828 2834 suos
841 2779 944 2833 liberos
958 2778 1088 2847 retinent,
1098 2778 1165 2849 quia
1177 2789 1206 2833 et
1215 2779 1272 2837 alia

124 2863 222 2920 omnia
239 2862 300 2918 iura
318 2879 370 2917 sua
388 2861 528 2918 retinent:
549 2871 660 2916 tantum
679 2862 755 2918 enim
773 2862 865 2916 insula
884 2862 925 2916 eis
943 2861 1039 2931 egredi
1059 2878 1116 2916 non
1135 2860 1221 2917 licet:
1244 2872 1272 2918 et

123 2948 200 3004 bona
218 2962 331 3019 quoque
349 2964 402 3001 sua
419 2945 516 3000 omnia
531 2946 652 3002 retinent
669 2955 781 3017 praeter
799 2962 841 3013 ea,
855 2946 878 3000 si
898 2963 971 3017 quae
987 2946 1029 3000 eis
1041 2946 1177 3015 adempta
1189 2948 1271 3001 sunt¹

126 3033 191 3102 Dig.
205 3032 249 3098 48.
263 3045 305 3085 22.
319 3044 343 3096 7.
357 3044 417 3096 a-a„
445 3032 484 3084 So
495 3039 545 3085 too
559 3029 635 3085 Ovid
647 3047 713 3099 says
727 3029 823 3100 (Trist.
836 3044 862 3096 4.
875 3045 899 3099 p
915 3029 956 3098 11)
971 3029 1108 3085 ‘Omnia
1124 3068 1152 3085 ..
1166 3030 1273 3085 Caesar

123 3115 192 3170 mihi
206 3116 267 3170 iura
279 3113 399 3184 reliquit,
414 3115 452 3168 Et
465 3114 528 3168 sola
540 3122 584 3168 est
597 3113 689 3184 patria
702 3130 797 3184 poena
810 3130 905 3168 carere
918 3115 1001 3168 mea!

161 3201 218 3269 §a
238 3198 295 3253 For
312 3198 362 3252 the
374 3212 484 3267 poenae
502 3213 600 3251 servus
619 3213 668 3252 see
687 3214 724 3251 on
741 3196 796 3251 Tit
811 3211 836 3264 3.
850 3211 868 3262 4
880 3212 954 3266 supr.
994 3197 1065 3251 Loss
1084 3195 1117 3250 of
1131 3195 1234 3265 liberty
1245 3196 1279 3250 of

124 3298 225 3339 course
240 3280 365 3336 entaiIed
384 3281 442 3334 loss
460 3280 493 3334 os
507 3279 681 3349 citizenship,
695 3280 820 3335 whether
832 3280 880 3333 the
899 3286 1007 3334 master
1019 3296 1092 3335 were
1105 3278 1231 3350 ‘poena'
1243 3295 1275 3333 or

124 3382 182 3436 any
193 3378 249 3421 one
261 3365 328 3433 else,
341 3364 396 3418 Tit
414 3364 453 3419 16.
471 3379 480 3418 1
497 3363 547 3418 inf.

160 3451 219 3518 §4⁵
238 3449 332 3503 There
349 3447 408 3503 had
426 3448 531 3516 always
550 3447 623 3502 been
642 3445 750 3502 certain
769 3445 911 3516 dignities,
927 3447 966 3516 by
987 3446 1034 3501 the
1052 3445 1222 3501 attainment
1245 3446 1279 3501 os

125 3534 216 3589 which
241 3549 261 3587 a
284 3531 361 3587 child
386 3531 414 3585 in
437 3547 532 3601 power
553 3546 610 3585 was
633 3530 763 3585 released
787 3528 939 3585 therefrorn
959 3529 1076 3585 without
1098 3529 1276 3600 undergoing

125 3616 226 3689 capitis
236 3614 393 3671 deminutio
406 3633 412 3670 :
430 3616 496 3669 thus
509 3631 527 3669 a
539 3630 592 3668 son
602 3614 665 3667 who
677 3614 797 3668 became
809 3613 913 3667 flamen
925 3611 1025 3680 Dialis,
1034 3612 1092 3666 and
1104 3628 1122 3665 a
1135 3612 1275 3682 daughter

124 3702 189 3756 who
207 3701 326 3755 became
345 3698 427 3767 virgo
448 3697 572 3753 Vestalis
595 3696 696 3766 (Gaius
714 3696 752 3751 iii.
770 3711 827 3764 114,
846 3695 864 3749 i.
884 3694 943 3763 130)
965 3710 1037 3749 were
1054 3695 1182 3749 released
1201 3694 1274 3749 from

124 3800 227 3855 power,
240 3783 348 3852 though
362 3781 418 3836 still
430 3781 589 3850 remaining
601 3780 744 3835 members
757 3780 791 3834 of
800 3779 873 3834 their
885 3779 934 3833 old
946 3777 1060 3848 agnatic
1072 3777 1177 3847 family.
1211 3778 1276 3833 The

126 3867 277 3922 Patriciate
289 3867 322 3920 of
330 3866 379 3920 the
392 3866 463 3919 later
476 3864 593 3934 Empire
610 3880 703 3918 seems
722 3874 752 3918 to
771 3864 843 3918 have
857 3862 1015 3933 originated
1029 3861 1057 3916 in
1071 3862 1120 3915 the
1132 3859 1181 3915 old
1193 3876 1274 3930 prac-

124 3950 181 4007 tice
198 3951 231 4005 οἱ
245 3949 350 4019 calling
361 3964 480 4020 persons
499 3949 532 4002 of
546 3947 695 4003 adwanced
708 3963 761 4017 age
775 3956 855 4017 pater
867 3962 899 4000 as
912 3963 930 4001 a
943 3945 1127 4015 compiiment
1141 3961 1173 3998 or
1186 3943 1273 3999 tolren

124 4035 158 4090 of
172 4044 292 4104 respect,
312 4035 434 4102 Horace,
452 4035 505 4103 Ep.
519 4032 538 4088 ἱ.
550 4032 577 4089 6.
592 4041 688 4101 54-55,
707 4030 816 4099 Νέρων.
831 4072 838 4085 .
853 4031 971 4099 ,πατέρα
989 4029 1066 4082 αὐτὸν
1083 4026 1123 4080 del
1141 4027 1275 4096 ὀνομάζων

126 4118 184 4173 Dio
195 4119 274 4173 Cass.
283 4119 327 4186 63.
336 4131 375 4185 17,
389 4116 439 4172 ‘ad
451 4116 608 4187 Ulpianum
621 4116 796 4186 praefectum
809 4113 951 4183 praetorio
964 4123 992 4168 et
1005 4122 1152 4182 parentem
1163 4112 1274 4165 meum’

126 4202 286 4258 Alexander
304 4202 332 4257 in
353 4201 423 4257 Cotl
437 4217 463 4269 4.
475 4201 519 4271 65.
532 4215 557 4267 4
596 4200 714 4255 Besides
732 4200 780 4254 the
801 4197 960 4265 Patriciate,
978 4196 1120 4267 Justinian
1140 4195 1274 4250 attached

124 4286 182 4342 this
194 4286 277 4341 effect
289 4285 350 4341 also
362 4294 393 4340 to
404 4284 545 4340 elevation
558 4294 588 4339 to
600 4283 708 4353 sundry
715 4283 797 4338 other
810 4280 878 4350 high
890 4279 1032 4348 dignities,
1044 4279 1198 4350 especially
1212 4278 1274 4333 that

125 4370 158 4425 ol
165 4370 265 4425 consul
277 4369 335 4425 and
346 4368 459 4439 bishop,
473 4370 549 4423 Nov.
562 4369 604 4423 81.
617 4384 660 4438 pr.
673 4379 698 4434 3.

160 4456 189 4510 d.
208 4454 271 4509 The
289 4452 333 4509 lus
350 4450 516 4523 postliminii
529 4468 586 4507 was
599 4466 636 4506 an
649 4448 809 4505 institution
821 4447 860 4518 by
873 4444 964 4501 which
977 4445 1066 4517 rights
1080 4444 1170 4501 which
1184 4443 1275 4499 under
