2986 5048
174 351 271 418 Tiro]
449 348 511 403 DE
534 348 747 404 GRADIBUS
768 347 1064 405 COGNAYIONIS.
1262 356 1325 428 357

176 534 366 596 eorumque,
393 512 449 596 qui
474 534 518 576 ex
542 511 593 576 his
617 522 884 595 progenerantur,
905 522 938 578 et
964 510 1196 577 convenienter
1218 514 1326 594 patrui

173 619 297 681 amitae
323 617 477 681 avunculi
502 625 707 680 materterae.
747 625 781 680 et
806 615 953 698 superior
978 616 1112 698 quidem
1139 623 1172 679 et
1197 615 1328 681 inferior

173 720 329 804 cognatio
352 743 373 784 a
399 722 505 803 primo
531 720 636 803 gradu
663 719 795 801 incipit:
810 710 861 782 'at
888 741 936 796 ea,
959 740 1045 802 quae
1071 741 1116 784 ex
1140 703 1326 786 transverso

173 835 373 902 numeratur,
397 844 417 887 a
440 823 595 888 secundo.
641 821 751 886 Primo
773 823 877 904 gradu
903 832 953 886 est
975 843 1073 905 supra
1094 833 1190 905 pater
1210 834 1353 900 mater,l

173 927 257 991 inira
272 926 359 991 filius
375 926 451 991 filia.
498 925 653 991 Secundo
669 946 768 1008 supra
785 946 866 989 avus
884 927 965 1001 avia,
984 926 1067 989 infra
1088 946 1191 1008 nepos
1207 929 1324 1010 neptis,
1338 943 1355 997 2

173 1053 218 1094 ex
248 1041 433 1095 transverso
458 1030 560 1095 frater
582 1049 683 1096 soror.
742 1029 856 1095 Tertio
882 1051 980 1113 supra
1009 1051 1151 1112 proavus
1180 1032 1354 1114 proavia,3

173 1133 256 1198 inira
291 1154 457 1216 pronepos
488 1134 667 1217 proneptis,
702 1154 746 1196 ex
779 1142 965 1197 transverso
1001 1133 1110 1197 fratris
1139 1135 1325 1217 sororisque

172 1237 259 1300 filius
275 1238 341 1301 filia
357 1248 391 1302 et
411 1238 642 1301 convenienter
663 1246 800 1318 patmus
820 1237 923 1301 amita
938 1236 1118 1300 avunculus
1137 1245 1323 1302 matertera.

173 1351 311 1423 patruus
327 1351 378 1405 est
393 1342 496 1423 patris
510 1339 620 1418 irater,
632 1340 688 1421 qui
702 1338 829 1404 Graece
841 1337 955 1418 πάτρως
965 1350 1119 1404 vocatur:
1143 1341 1323 1405 avunculus

172 1454 224 1509 est
243 1447 357 1509 matris
372 1444 480 1521 frater,
496 1445 553 1527 qui
568 1444 659 1525 apud
675 1442 819 1507 Graecos
840 1444 971 1527 proprie
988 1442 1102 1522 μήτρως
1116 1444 1323 1528 appellatur:

172 1558 207 1612 et
229 1549 415 1631 promiscue
436 1551 515 1613 θεῖος
537 1548 666 1611 dicitur.
704 1548 808 1611 amita
831 1556 881 1611 est
900 1547 1003 1630 patris
1024 1567 1124 1622 soror,
1148 1556 1324 1613 matertera

171 1672 250 1715 vero
271 1653 386 1715 matris
407 1671 518 1716 soror:
542 1660 680 1734 utraque
704 1650 770 1712 θεία
791 1650 844 1713 vel
869 1650 958 1732 apud
981 1651 1144 1733 quosdam
1166 1652 1247 1728 τηθίς
1265 1671 1323 1734 ap·

172 1754 324 1838 pellatur.
370 1754 499 1837 Quarto
521 1755 626 1837 gradu
649 1773 748 1835 supra
770 1753 894 1817 abavus
916 1754 1042 1832 abavia,
1065 1753 1149 1819 infra
1175 1753 1354 1838 abnepos4

170 1860 334 1941 abneptis,
350 1880 394 1922 ex
409 1868 594 1922 transverso
613 1858 721 1922 fratris
741 1859 926 1940 sororisque
949 1878 1052 1941 nepos
1069 1859 1177 1942 neptis
1191 1868 1225 1923 et
1247 1879 1323 1923 con-

94 1992 100 2002 ·
170 1964 501 2045 venienter'patruus
523 1981 664 2043 magnus
684 1961 787 2025 amita
810 1982 931 2045 magna
949 1958 996 2047 (id
1021 1971 1070 2025 est
1093 1963 1145 2025 avi
1169 1961 1269 2026 frater
1289 1973 1322 2027 et

171 2064 288 2152 soror),
304 2068 384 2130 item
402 2065 583 2130 avunculus
605 2085 743 2147 magnus
759 2073 936 2131 matertera
959 2086 1080 2148 magna
1096 2066 1143 2151 (id
1165 2076 1215 2130 est
1230 2067 1322 2130 aviae

171 2172 272 2236 frater
287 2181 321 2235 et
341 2167 455 2257 soror),
472 2169 688 2235 consobrinus
708 2170 902 2234 consobrina
918 2167 966 2256 (id
988 2171 1114 2253 estqui
1134 2190 1261 2252 quaeve
1279 2191 1323 2235 ex
1419 2161 1426 2177 ⁸

170 2274 326 2339 fratribus
355 2283 413 2338 aut
442 2274 609 2338 sororibus
640 2269 923 2359 progenerantur).
977 2275 1036 2338 sed
1066 2274 1201 2356 quidam
1235 2284 1323 2338 recte

171 2378 385 2443 consobrinos
407 2398 464 2442 eos
483 2378 614 2460 proprie
634 2386 753 2458 putant
775 2378 849 2454 dici,
868 2380 923 2460 qui
945 2399 990 2442 ex
1010 2378 1139 2442 duabus
1158 2378 1324 2442 sororibus

171 2492 441 2566 progenerantur,
462 2482 557 2564 quasi
579 2482 825 2545 consororinos:
858 2503 914 2545 eos
936 2502 1022 2559 vero,
1046 2483 1103 2565 qui
1126 2502 1170 2545 ex
1192 2481 1323 2545 duobus

170 2586 326 2650 fratribus
356 2594 625 2667 progenerantur,
652 2586 784 2667 proprie
814 2585 931 2649 fratres
957 2586 1122 2669 patrueles
1145 2587 1253 2649 vocari
1281 2583 1322 2670 (si

169 2700 282 2753 autem
307 2711 352 2752 ex
374 2688 505 2752 duobus
520 2687 676 2751 fratribus
695 2688 781 2751 filiae
806 2698 989 2765 nascantur,
1010 2709 1136 2752 sorores
1156 2686 1322 2771 patrueles

169 2788 412 2878 appellantur):
436 2801 471 2865 at
502 2811 566 2867 eos,
597 2793 653 2873 qui
684 2812 729 2854 ex
759 2790 858 2854 fratre
885 2801 918 2855 et
948 2811 1059 2854 sorore
1087 2801 1320 2875 propagantur,

169 2897 325 2959 amitinos
351 2895 482 2978 proprie
509 2895 574 2958 dici
601 2891 737 2978 (amitae
762 2903 839 2957 tuae
863 2894 920 2957 filii
944 2895 1176 2958 consobrinum
1199 2904 1233 2957 te
1261 2914 1320 2976 ap·

168 3000 307 3084 pellant,
323 3009 360 3063 tu
377 2999 450 3062 illos
470 2995 652 3083 amitinos).
697 2998 825 3081 Quinto
846 3019 944 3081 supra
965 3009 1082 3062 atavus
1101 2999 1220 3074 atavia,
1237 2998 1351 3066 infra5

169 3104 317 3185 adnepos
339 3102 502 3185 adneptis,
525 3122 569 3164 ex
596 3111 782 3166 transverso
806 3102 915 3165 fratris
941 3103 1127 3184 sororisque
1156 3121 1321 3183 pronepos

169 3208 340 3290 proneptis
362 3215 396 3270 et
419 3207 652 3270 convenienter
670 3216 867 3289 propatruus
890 3207 1053 3289 proamita
1068 3203 1116 3291 (id
1135 3213 1186 3268 est
1207 3207 1320 3287 proavi

161 3310 271 3377 ¹frater
297 3320 331 3374 et
360 3306 474 3394 soror),
499 3309 741 3392 proavunculus
762 3319 1001 3392 promatertera
1025 3307 1072 3395 (id
1094 3316 1144 3372 est
1165 3309 1320 3390 proaviae

167 3416 270 3479 frater
294 3423 327 3477 et
351 3411 465 3499 soror),
489 3414 568 3476 item
594 3414 701 3477 fratris
725 3414 883 3495 patruelis
908 3415 1028 3478 sororis
1050 3411 1217 3496 patruelis,
1241 3431 1319 3476 con·

167 3520 291 3583 sobrini
316 3528 349 3582 et
372 3517 596 3595 consobrinae,
623 3518 752 3582 amitini
775 3519 932 3582 amitinae
957 3518 1043 3581 filius
1070 3517 1146 3596 filia,
1170 3517 1321 3599 proprior

167 3622 319 3685 sobrinus
334 3621 468 3684 sobrina
479 3616 527 3705 (hi
546 3630 623 3684 sunt
635 3622 742 3703 patrui
756 3623 867 3703 magni
879 3622 1001 3686 amitae
1014 3640 1153 3702 magnae
1166 3618 1319 3682 avunculi

169 3726 281 3807 magui
297 3734 492 3787 materterae
504 3743 645 3805 magnae
656 3723 744 3787 filius
759 3722 849 3807 filia).
885 3723 992 3789 Sexto
1007 3725 1111 3807 gradu
1128 3732 1205 3786 sunt
1220 3736 1348 3804 supra6

167 3831 306 3893 tritavus
330 3830 469 3905 tritavia,
489 3828 571 3890 infra
594 3829 741 3910 trinepos
762 3829 923 3911 trineptis,
943 3850 987 3891 ex
1007 3838 1193 3891 transverso
1212 3826 1318 3890 fratris

166 3934 352 4015 sororisque
364 3933 511 4014 abnepos
524 3933 677 4013 abneptis
689 3942 721 3995 et
734 3933 966 3997 convenienter
975 3932 1157 4015 abpatruus
1169 3930 1318 3994 abamita

166 4033 283 4122 (idest
302 4036 399 4099 abavi
422 4035 523 4098 irater
543 4045 576 4099 et
597 4032 701 4120 soror)
723 4035 948 4101 abavunculus
966 4037 1185 4100 abmatertera
1202 4030 1250 4117 (id
1266 4040 1317 4096 est

166 4141 304 4205 abaviae
327 4139 427 4204 frater
450 4150 483 4203 et
506 4136 618 4224 soror),
638 4142 719 4203 item
742 4141 865 4204 sobrini
884 4141 1099 4222 sobrinaeque
1114 4135 1162 4224 (id
1186 4136 1316 4218 estqui

165 4264 294 4328 quaeve
316 4265 361 4308 ex
380 4243 533 4309 fratribus
553 4243 607 4306 vel
627 4245 793 4308 sororibus
814 4244 1017 4328 patruelibus
1036 4243 1088 4307 vel
1112 4241 1316 4306 consobrinis

165 4346 219 4411 vel
248 4349 394 4412 amitinis
424 4345 704 4433 progenerantur).
762 4348 934 4413 Hactenus
957 4348 1143 4413 ostendisse
1168 4345 1346 4425 sufficiet?

166 4451 449 4545 quemadmodum
473 4453 595 4536 gradus
619 4453 824 4538 cognationis
845 4460 1066 4518 numerentur.
1107 4469 1251 4536 namque
1271 4470 1315 4515 ex
