2986 5048
133 364 182 417 Tit.
199 360 248 430 tp]
487 355 550 412 DE
572 355 739 412 onfilclo
759 354 930 412 IUDICIS.
1218 345 1282 432 603

133 525 296 601 iudicavit,
307 523 477 588 absolvere
488 522 588 587 debet
600 542 832 605 possessorem,
844 521 912 587 sive
924 532 1038 587 contra
1051 542 1282 604 possessorem,

133 631 245 695 iubere
261 651 337 694 eum
353 629 462 707 debet,
480 636 517 691 ut
539 646 607 691 rem
624 627 730 708 ipsam
746 628 899 691 restituat
915 646 990 690 cum
1010 627 1177 690 fructibus.
1221 624 1281 688 sed
1313 669 1315 673 ψ

132 734 159 797 si
187 735 219 797 in
247 733 411 817 praesenti
438 739 537 813 neget
563 751 599 794 se
625 750 794 813 possessor
820 732 991 794 restituere
1018 751 1115 813 posse
1144 741 1178 795 et
1210 730 1282 793 sine

132 837 342 901 fmstratione
362 836 526 900 videbitur
547 844 679 916 tempus
702 834 895 898 restituendi
918 854 1015 898 causa
1036 844 1156 917 petere,
1173 833 1280 897 indul-

131 943 276 1023 gendum
301 951 353 1004 est
379 940 417 1017 ei,
444 949 480 1002 ut
510 947 622 1002 tamen
646 939 689 1000 de
715 937 783 1001 litis
809 939 1039 1002 aestimatione
1064 947 1179 1002 caveat
1206 957 1280 1002 cum

131 1044 329 1120 fideiussore,
345 1045 373 1106 si
389 1045 473 1107 intra
489 1052 621 1123 tempus
635 1042 725 1123 quod
742 1042 772 1105 ei
789 1043 904 1106 datum
924 1052 974 1105 est
993 1061 1060 1105 non
1076 1042 1281 1106 restituisset.

132 1156 167 1212 et
191 1149 218 1212 si
244 1147 411 1211 hereditas
437 1148 541 1229 petita
569 1144 621 1220 sit,
647 1146 764 1208 eadem
789 1147 874 1209 circa
899 1145 1023 1210 fructus
1053 1145 1281 1222 interveniunt,

131 1271 217 1334 quae
246 1251 393 1315 diximus
422 1249 618 1313 intervenire
652 1249 686 1311 in
722 1248 927 1332 singularum
965 1269 1073 1313 rerum
1109 1250 1280 1331 petitione.

132 1355 261 1420 illomm
286 1364 399 1419 autem
419 1353 593 1428 fructuum,
617 1373 701 1434 quos
728 1353 824 1436 culpa
845 1372 905 1417 sua
927 1373 1096 1436 possessor
1118 1372 1184 1417 non
1207 1372 1280 1435 per-

132 1457 266 1542 ceperit,
288 1459 321 1521 in
346 1469 485 1540 utraque
508 1457 638 1521 actione
659 1455 778 1520 eadem
804 1458 887 1520 ratio
909 1436 1014 1541 paene
1037 1456 1083 1533 fit,
1107 1456 1134 1519 si
1157 1457 1281 1540 praedo

131 1561 238 1626 fuerit
282 1562 410 1626 sivero
433 1562 521 1625 bona
543 1560 610 1624 fide
632 1579 802 1642 possessor
822 1559 929 1637 fuerit,
949 1580 1014 1625 non
1037 1559 1179 1624 habetur
1197 1559 1281 1624 ratio

131 1677 401 1750 consumptomm
441 1685 549 1747 neque
588 1684 655 1728 non
691 1674 943 1746 perceptomm:
980 1672 1057 1747 post
1091 1662 1280 1727 inchoatam

131 1780 243 1834 autem
278 1770 474 1852 petitionem
505 1769 606 1832 etiam
637 1767 766 1832 illomm
803 1768 887 1833 ratio
919 1767 1068 1845 habetur,
1097 1768 1154 1850 qui
1184 1766 1282 1851 culpa

132 1874 329 1956 possessoris
355 1873 500 1957 percepti
528 1892 593 1935 non
624 1882 701 1936 sunt
727 1870 780 1935 vel
807 1873 953 1955 percepti
980 1872 1166 1954 consumpti
1192 1881 1280 1936 sunt

132 1975 169 2041 Si
191 1978 233 2040 ad
254 1977 479 2041 exhibendum
500 1986 612 2040 actum
632 1975 738 2051 fuerit,
756 1996 821 2039 non
840 1976 968 2053 suflicit,
984 1977 1011 2039 si
1032 1974 1189 2038 exhibeat
1209 1987 1311 2042 rema

131 2081 159 2143 is
186 2100 262 2145 cum
287 2101 355 2164 quo
381 2089 492 2145 actum
517 2089 576 2159 est,
602 2080 661 2144 sed
688 2101 772 2162 opus
798 2090 857 2160 est,
885 2089 922 2144 ut
950 2082 1050 2144 etiam
1076 2099 1209 2142 causam
1234 2079 1280 2143 rei

130 2184 252 2248 debeat
275 2183 442 2263 exhibere,
465 2184 498 2247 id
521 2192 571 2247 est
596 2193 633 2248 ut
658 2203 731 2247 eam
756 2205 889 2250 causam
913 2183 1034 2247 habeat
1056 2192 1156 2258 actor,
1177 2202 1279 2264 quarn

130 2287 302 2351 habiturus
337 2298 433 2364 esset,
463 2287 499 2358 si,
532 2307 608 2351 cum
638 2288 781 2371 primum
814 2289 858 2352 ad
893 2288 1118 2352 exhibendum
1150 2288 1281 2368 egisset,

131 2390 282 2455 exhibita
304 2412 355 2455 res
376 2391 510 2455 fuisset:
533 2391 674 2473 ideoque
696 2393 723 2454 si
748 2393 833 2456 inter
855 2413 964 2456 moras
985 2401 1144 2474 usucapta
1166 2392 1208 2455 sit
1229 2410 1281 2454 res

130 2515 151 2558 a
171 2515 367 2578 possessore,
384 2495 486 2559 nihilo
503 2495 611 2558 minus
630 2497 878 2560 condemnatur.
921 2505 1094 2579 praeterea
1113 2494 1278 2559 fructuum

132 2599 231 2661 medii
258 2600 425 2682 temporis,
454 2598 488 2663 id
515 2608 565 2663 est
592 2599 672 2675 eius,
695 2601 783 2681 quod
812 2610 886 2682 post
912 2609 1085 2682 acceptum
1115 2597 1158 2661 ad
1185 2596 1280 2661 exhi-

130 2703 276 2766 bendum
304 2703 460 2767 iudicium
486 2713 563 2767 ante
591 2724 659 2766 rem
688 2703 866 2767 iudicatam
896 2703 1090 2775 intercessit,
1117 2701 1278 2765 rationem

130 2804 253 2870 habere
282 2806 382 2871 debet
412 2807 523 2870 iudex.
579 2806 669 2889 quod
696 2808 723 2869 si
753 2815 852 2889 neget
883 2808 919 2881 is,
947 2826 1022 2869 cum
1053 2825 1119 2887 quo
1148 2804 1192 2867 ad
1219 2824 1279 2866 ex·

129 2909 312 2974 hibendum
327 2920 439 2975 actum
456 2920 514 2985 est,
527 2910 560 2974 in
577 2911 741 2992 praesenti
758 2909 916 2974 exhibere
932 2931 967 2973 se
983 2929 1080 2991 posse
1096 2917 1129 2971 et
1145 2917 1278 2989 tempus

130 3013 310 3078 exhibendi
327 3034 426 3079 causa
442 3024 536 3097 petat
558 3015 656 3096 idque
672 3015 742 3078 sine
757 3013 968 3078 frustratione
984 3011 1151 3094 postulare
1166 3011 1278 3074 videa-

129 3125 192 3192 tur,
214 3119 284 3181 dari
308 3119 336 3181 ei
358 3118 467 3195 debet,
488 3127 524 3181 ut
543 3126 655 3181 tamen
676 3127 792 3181 caveat
814 3138 850 3181 se
874 3117 1118 3181 restituturum:
1140 3112 1278 3197 quodsi

130 3242 236 3304 neque
260 3224 374 3286 statim
400 3223 487 3285 iussu
515 3221 630 3286 iudicis
655 3242 723 3285 rem
748 3220 906 3285 exhibeat
934 3241 1042 3303 neque
1071 3229 1188 3302 postea
1218 3238 1278 3280 ex-

130 3492 173 3547 his
194 3493 367 3563 application
389 3494 482 3549 would
502 3505 552 3549 not
574 3493 610 3547 be
629 3504 680 3564 put
701 3493 784 3549 down
807 3503 837 3547 to
858 3490 1010 3560 frustratio,
1029 3492 1096 3560 only
1119 3491 1210 3545 where
1229 3490 1278 3545 the

128 3577 255 3632 obstacle
269 3596 325 3632 was
338 3578 456 3645 natural,
470 3577 578 3648 ‘neque
596 3587 707 3632 tantum
726 3577 754 3632 in
770 3576 858 3648 ipsius
872 3575 1007 3631 debitoris
1025 3591 1147 3646 persona
1158 3574 1278 3629 facultas

128 3660 216 3715 dandi
236 3661 334 3728 deest,’
351 3663 385 3716 cf.
401 3661 524 3732 Dig.45.
540 3678 560 3716 1.
575 3675 617 3729 73
631 3678 673 3732 pr.
691 3660 849 3717 ‘interdum
868 3677 938 3730 pura
957 3658 1101 3729 stipulatio
1116 3676 1150 3713 ex
1167 3675 1197 3712 re
1216 3657 1278 3727 ipsa

129 3743 294 3799 dilationem
313 3744 397 3815 capit,
410 3745 495 3800 veluti
517 3744 541 3800 si
564 3743 593 3798 id
613 3745 690 3815 quod
712 3744 741 3799 in
760 3754 839 3798 utero
857 3744 894 3799 sit
912 3753 960 3798 aut
978 3742 1085 3797 fructus
1103 3741 1210 3795 futuros
1229 3751 1278 3795 aut

128 3826 245 3882 domum
270 3827 413 3882 aedificari
432 3827 581 3898 stipulatus
600 3827 653 3895 sit‚'
673 3827 708 3881 ib.
727 3841 815 3895 137.4
834 3826 901 3881 ‘sed
920 3827 992 3880 haec
1011 3824 1145 3879 recedunt
1168 3824 1205 3876 ab
1226 3823 1277 3877 im-

128 3911 293 3980 pedimento
306 3911 425 3966 naturali
438 3923 466 3965 et
479 3911 631 3981 respiciunt
645 3911 682 3965 ad
695 3911 858 3965 facultatem
868 3908 955 3964 dandi
969 3929 975 3964 z
994 3919 1037 3963 est
1050 3918 1145 3962 autem
1159 3907 1277 3961 facultas

128 4010 267 4064 personae
280 3993 462 4047 commodum
475 3993 750 4064 incommodumque‚
764 4011 821 4048 non
834 4011 927 4047 rerum
940 4009 1013 4063 quae
1025 3990 1242 4062 promittuntur.¹

164 4079 222 4130 For
242 4077 291 4131 the
310 4076 461 4132 difference
480 4078 608 4132 between
630 4094 648 4130 a
667 4077 743 4132 bona
765 4077 821 4132 fide
841 4077 898 4131 and
918 4094 936 4131 a
956 4076 1032 4130 mala
1053 4073 1108 4128 fide
1130 4088 1278 4143 possessor

129 4159 257 4230 (praedo)
272 4159 300 4213 in
317 4169 427 4230 respect
443 4159 476 4213 of
488 4159 607 4228 liability
619 4159 662 4213 for
674 4160 780 4214 fructus
797 4178 845 4215 see
858 4177 894 4214 on
909 4159 960 4213 ΒΚ
976 4158 1004 4213 ii.
1020 4173 1040 4212 1.
1055 4169 1088 4226 35
1103 4173 1178 4226 supr.
1215 4156 1277 4210 The

128 4243 253 4297 former’s
266 4243 372 4297 mental
385 4242 505 4298 attitude
518 4261 575 4297 was
588 4244 625 4312 by
638 4260 657 4298 a
669 4242 764 4298 fiction
781 4242 964 4314 represented
978 4260 1011 4297 as
1028 4240 1134 4310 having
1146 4240 1277 4310 changed

127 4337 155 4382 at
169 4326 225 4381 litis
238 4325 425 4382 contestatio:
448 4327 556 4382 ‘bonae
574 4327 639 4382 fidei
652 4344 800 4397 possessor
812 4337 912 4398 postea
930 4325 957 4395 (i.
967 4343 992 4381 e.
1005 4324 1093 4396 petita
1107 4323 1275 4392 hereditate)

126 4422 154 4466 et
168 4409 229 4482 ipse
242 4410 349 4481 praedo
361 4411 419 4465 est'
433 4409 500 4480 Dig.
515 4423 536 4480 5.
552 4424 577 4480 3.
591 4425 632 4465 zo
650 4426 671 4466 1.

162 4492 177 4566 l
191 4497 218 4551 3.
239 4496 297 4550 For
308 4493 356 4550 the
369 4503 468 4550 nature
481 4493 513 4549 of
525 4493 573 4550 the
585 4492 660 4550 actio
677 4491 716 4550 ad
727 4493 918 4551 exhibendum
931 4511 980 4550 see
992 4509 1029 4548 on
1043 4492 1100 4547 Tit.
1112 4492 1137 4548 6.
1153 4506 1183 4561 3¹
1200 4507 1276 4562 supr.
