2986 5048
95 328 99 335 '
180 356 231 406 m.
244 348 297 418 23.]
340 347 401 405 DE
414 344 846 403 Frnercoiumssnnns
859 345 1222 403 Hananrrnrrnua
1267 354 1330 425 307

225 515 399 578 Praeterea
421 513 595 577 intestatus
620 531 751 594 quoque
774 510 949 576 moriturus
971 520 1083 592 potest
1107 532 1222 595 rogare
1244 525 1380 588 eum,10

179 609 347 701 ad'quem
372 617 459 681 bona
480 639 540 681 sua
562 616 614 680 vel
641 617 790 698 legitimo
812 616 880 680 iure
895 616 948 680 vel
971 616 1145 680 honorario
1167 619 1330 699 pertinere

178 721 351 805 intellegit,
368 732 405 785 ut
420 722 640 786 hereditatem
664 741 757 785 suam
781 730 887 784 totam
907 730 1078 802 partemve
1101 722 1171 786 eius
1185 733 1244 787 aut
1261 746 1329 787 rem

177 827 335 909 aliquam,
354 827 455 890 veluti
478 826 616 891 fundum
643 827 810 890 hominem
833 828 1017 908 pecuniam,
1039 827 1135 890 alicui
1159 830 1329 892 restituat:

93 958 101 969 ·
178 950 255 996 cum
279 931 425 1014 alioquin
451 931 560 1015 legata
581 932 641 994 nisi
662 951 706 994 ex
730 939 932 995 testamento
959 951 1024 994 non
1051 931 1194 997 valeant.
1240 933 1328 996 Eum
1344 941 1375 996 ll

178 1045 319 1119 quoque,
336 1037 387 1100 cui
408 1035 532 1118 aliquid
555 1036 744 1110 restituitur,
761 1045 871 1116 potest
895 1055 1019 1117 rogare,
1039 1045 1076 1099 ut
1093 1037 1125 1100 id
1150 1057 1258 1101 rursus
1274 1038 1328 1102 alii

177 1146 289 1203 totum
313 1150 376 1202 aut
401 1161 462 1222 pro
487 1149 582 1222 parte
606 1139 658 1203 vel
684 1140 783 1202 etiam
809 1137 898 1201 aliud
925 1138 1048 1221 aliquid
1076 1139 1237 1205 restituat.
1282 1141 1329 1207 Et
1344 1149 1377 1203 12

178 1235 257 1325 quia
280 1244 385 1325 prima
404 1243 733 1308 fideicommissorum
753 1242 917 1306 cunabula
931 1264 958 1306 a
982 1241 1048 1307 fide
1067 1242 1227 1307 heredum
1248 1266 1329 1327 pen-

166 1348 259 1410 dent
284 1358 318 1411 et
343 1357 413 1410 tam
438 1368 559 1412 nomen
590 1368 691 1429 quam
722 1346 941 1410 substantiam
971 1357 1168 1427 acceperunt
1193 1358 1227 1411 et
1252 1349 1329 1413 ideo

129 1496 135 1503 ·
178 1451 274 1513 divus
296 1450 470 1532 Augustus
490 1451 533 1515 ad
557 1451 789 1515 necessitatem
816 1449 893 1512 iuris
918 1469 958 1513 ea
980 1449 1144 1519 detraxit:
1167 1470 1272 1533 nuper
1294 1461 1329 1516 et

178 1552 239 1617 nos
262 1556 403 1618 eundem
423 1556 603 1637 principem
628 1576 782 1638 superare
804 1555 1042 1617 contendentes
1060 1575 1103 1617 ex
1124 1554 1222 1633 sacto,
1237 1558 1327 1639 quod

178 1657 398 1722 Tribonianus
428 1661 477 1723 vir
510 1660 660 1724 excelsus
697 1667 853 1741 quaestor
889 1658 972 1721 sacri
1009 1657 1122 1739 palatii
1152 1661 1327 1742 suggessit,

177 1764 447 1828 constitutionem
474 1763 621 1843 lecimus,
646 1784 831 1846 perquam
862 1763 1103 1855 disposuimus:
1136 1764 1163 1826 si
1187 1774 1328 1829 testator

177 1866 255 1931 fidei
282 1868 412 1932 heredis
437 1870 487 1932 sui
513 1870 688 1941 commisit,
713 1879 750 1932 ut
775 1867 830 1930 vel
859 1867 1078 1931 hereditatem
1101 1867 1154 1930 vel
1181 1870 1325 1950 speciale

177 1970 468 2036 fideicommissum
499 1975 659 2048 restituat,
687 1982 721 2038 et
751 1992 857 2053 neque
887 1993 930 2035 ex
961 1971 1121 2053 scriptura
1151 1992 1259 2054 neque
1283 1994 1327 2037 ex

177 2076 321 2157 quinque
355 2078 490 2142 testium
528 2098 673 2152 numero,
703 2078 759 2158 qui
797 2077 830 2138 in
864 2074 1125 2139 fideicommissis
1159 2074 1327 2158 legitimus

177 2197 249 2242 esse
272 2181 423 2256 noscitur,
446 2201 496 2245 res
519 2181 624 2263 possit
647 2179 856 2254 manifestari,
880 2178 1011 2265 sedvel
1034 2178 1205 2260 pauciores
1225 2200 1327 2261 quam

175 2282 321 2365 quinque
338 2282 391 2347 vel
414 2304 513 2348 nemo
537 2285 666 2367 penitus
690 2283 784 2348 testis
804 2282 1024 2359 intervenerit,
1044 2292 1123 2347 tunc
1146 2283 1215 2347 sive
1233 2295 1328 2366 pater

176 2385 308 2449 heredis
330 2387 399 2449 sive
420 2387 503 2452 alius
526 2389 725 2469 quicumque
747 2389 800 2458 sit,
816 2385 872 2467 qui
895 2384 996 2448 fidem
1017 2385 1116 2470 elegit
1141 2386 1271 2451 heredis
1294 2399 1328 2453 et

177 2488 220 2551 ab
244 2510 284 2552 eo
306 2489 430 2571 aliquid
453 2492 579 2555 restitui
594 2489 743 2564 voluerit,
760 2491 786 2553 si
810 2489 903 2552 heres
926 2488 1064 2571 perfidia
1086 2500 1200 2554 tentus
1222 2492 1329 2554 adim-

177 2590 268 2674 plere
298 2593 399 2657 fidem
430 2607 558 2659 recusat
589 2595 742 2677 negando
773 2614 842 2658 rem
873 2594 919 2657 ita
950 2614 1021 2656 esse
1052 2594 1272 2671 subsecutam,
1300 2596 1327 2668 si

177 2694 498 2761 fideicommissarius
524 2699 752 2762 iusiurandum
783 2697 811 2760 ei
842 2696 1006 2770 detulerit,
1036 2716 1112 2759 cum
1137 2698 1226 2779 prius
1256 2700 1327 2780 ipse

178 2800 221 2862 de
244 2799 409 2866 calumnia
434 2794 597 2874 iuraverit,
619 2823 752 2866 necesse
779 2822 855 2864 eum
881 2800 1003 2865 habere
1028 2800 1079 2864 vel
1103 2802 1328 2865 iusiurandum

177 2903 296 2982 subire,
314 2907 403 2986 quod
427 2906 508 2970 nihil
531 2907 597 2971 tale
620 2929 639 2971 a
663 2916 821 2971 testatore
837 2905 970 2980 audivit,
986 2905 1039 2968 vel
1058 2915 1264 2968 recusantem
1284 2907 1326 2970 ad

177 3005 421 3073 fideicommissi
432 3012 484 3074 vel
497 3012 719 3075 universitatis
732 3011 783 3073 vel
800 3009 950 3091 specialis
966 3009 1164 3073 solutionem
1180 3010 1329 3088 coartari,

177 3131 219 3205 ne
241 3112 398 3195 depereat
413 3115 530 3180 ultima
545 3115 698 3180 voluntas
715 3115 883 3179 testatoris
905 3113 981 3177 fidei
996 3112 1126 3177 heredis
1143 3114 1327 3179 commissa.

177 3216 296 3278 eadem
323 3218 487 3283 observari
511 3220 698 3283 censuimus
729 3229 763 3282 et
793 3219 819 3281 si
843 3239 864 3281 a
895 3216 1054 3300 legatario
1077 3216 1129 3279 vel
1160 3215 1328 3281 fideicom-

176 3319 325 3383 missario
355 3320 478 3404 aliquid
510 3322 660 3386 similiter
689 3321 837 3385 relictum
866 3322 918 3384 sit.
971 3322 1060 3403 quod
1091 3320 1119 3382 si
1148 3321 1184 3398 is,
1210 3341 1230 3383 a
1261 3341 1328 3402 quo

175 3422 326 3488 relictum
342 3426 469 3501 dic-itur,
486 3426 682 3491 confiteatur
696 3427 829 3508 quidem
846 3425 970 3506 aliquid
986 3447 1006 3488 a
1025 3446 1061 3488 se
1079 3423 1228 3488 relictum
1245 3445 1326 3500 esse,

174 3526 235 3589 sed
261 3529 304 3590 ad
331 3528 413 3611 legis
438 3530 657 3611 suptilitatem
682 3531 842 3604 decurrat,
866 3529 1059 3592 omnimodo
1085 3527 1252 3609 cogendus
1276 3538 1327 3591 est

175 3628 311 3695 solvere.

175 3796 219 3866 ⁶9.
232 3799 294 3869 pr),
307 3802 355 3855 the
369 3801 488 3856 instituti
507 3802 535 3856 in
553 3819 589 3856 an
608 3801 708 3856 earlier
721 3801 774 3854 will
789 3800 856 3869 (Tit.
873 3814 913 3866 17.
927 3815 942 3868 3
956 3818 1039 3870 supr,
1060 3799 1126 3869 Dig.
1140 3801 1183 3868 36.
1199 3816 1222 3857 1.
1235 3801 1326 3869 3o)¹or

174 3881 224 3935 the
237 3884 391 3939 coheredes
405 3885 437 3939 os
446 3887 494 3941 the
508 3885 660 3953 institutus,
676 3884 742 3953 Dig.
756 3885 798 3938 28.
814 3897 835 3953 5.
851 3897 883 3953 35
899 3904 905 3949 ;
925 3884 961 3937 ib.
975 3885 1017 3950 78.
1028 3901 1068 3954 pr.

212 3963 227 4036 ξ
241 3969 282 4020 11.
303 3969 328 4021 lt
342 3986 399 4022 was
412 3985 466 4023 one
480 3969 512 4022 of
521 3970 569 4023 the
583 3968 748 4023 differences
759 3968 887 4022 between
900 3967 1022 4036 legacies
1035 3968 1092 4021 and
1106 3966 1326 4022 fideicommissa

175 4049 238 4104 that
258 4048 314 4103 this
336 4052 420 4105 could
442 4062 491 4105 not
509 4053 545 4106 be
566 4052 640 4105 done
660 4051 699 4120 by
717 4068 816 4104 means
836 4051 868 4103 os
882 4067 899 4103 a
915 4051 1034 4119 legacy:
1055 4050 1139 4104 ‘item
1157 4067 1174 4103 a
1190 4050 1325 4119 legatario

174 4130 263 4201 legari
276 4149 333 4186 non
347 4144 450 4203 potest,
463 4134 515 4188 sed
532 4133 782 4188 fideicommissum
800 4132 918 4203 relinqui
936 4142 1048 4202 potest:
1068 4131 1223 4203 quinetiam
1240 4132 1277 4185 ab
1290 4148 1326 4186 eo

174 4231 288 4285 quoque
307 4215 352 4270 cui
374 4233 425 4287 per
449 4217 699 4271 fideicommissum
718 4216 902 4286 relinquimus
922 4233 1018 4269 rursus
1039 4217 1085 4268 alu
1109 4232 1160 4284 per
1182 4216 1325 4268 fideicom-

173 4296 294 4352 missum
306 4298 463 4370 relinquere
476 4300 645 4370 possumus'
659 4298 748 4352 Gaius
761 4298 787 4352 ii.
803 4312 851 4364 271
868 4316 873 4352 :
897 4298 932 4351 ct'.
947 4297 1002 4351 Tit.
1016 4312 1059 4363 24.
1071 4314 1113 4367 pr.
1127 4297 1175 4353 inf.

211 4382 285 4448 §la
304 4382 366 4436 The
384 4393 546 4437 enactment
566 4383 689 4436 referred
702 4381 768 4438 tois
787 4381 815 4435 in
830 4383 899 4436 Cod.
913 4383 937 4435 6.
951 4396 993 4448 42.
1008 4395 1050 4448 32.
1087 4381 1149 4436 The
1168 4381 1324 4451 procedure

172 4462 324 4519 described
336 4464 404 4521 here
416 4483 474 4521 was
486 4476 537 4521 not
549 4465 689 4535 confined,
702 4482 735 4520 as
748 4464 800 4518 has
812 4465 885 4520 been
899 4463 1050 4536 supposed,
1063 4473 1093 4519 to
1106 4466 1154 4520 the
1167 4482 1233 4520 case
1246 4465 1279 4519 ot
1286 4482 1323 4520 an

722 4566 784 4618 Μ
