2986 5048
277 325 340 413 306
481 330 833 389 INSTITUTIONUM
850 328 970 383 LIBRI
989 326 1226 399 QUATTUOR.
1319 328 1392 397 [Lib.
1403 332 1435 383 11.

246 503 365 586 tapud
382 500 538 565 heredem
559 506 723 562 manente.
768 494 861 559 Nihil
881 503 993 558 autem
1014 494 1160 571 interest,
1176 504 1289 559 utrum
1309 495 1436 579 aliquis

276 628 320 671 ex
338 627 412 670 asse
431 606 526 669 heres
548 604 719 667 institutus
739 609 796 664 aut
819 609 925 664 totam
947 600 1167 664 hereditatem
1182 610 1241 665 aut
1256 620 1317 683 pro
1334 612 1435 687 parte

277 714 448 776 restituere
475 719 616 791 rogatur,
643 727 685 770 an
712 727 755 769 ex
782 715 877 788 parte
906 704 1001 768 heres
1030 705 1200 769 institutus
1230 715 1291 770 aut
1319 716 1434 771 totam

278 836 351 879 eam
368 824 495 896 partem
512 822 569 877 aut
587 813 689 894 partis
710 821 838 893 partem
855 810 1025 873 restituere
1044 820 1196 891 rogatur:
1220 830 1298 873 nam
1314 820 1352 875 et
1367 811 1433 877 hoc

278 940 356 983 casu
378 919 495 981 eadem
518 916 682 979 observari
706 913 933 995 praecipimus,
951 933 1037 994 quae
1057 912 1091 974 in
1112 915 1215 977 totius
1232 913 1433 980 hereditatis

247 1024 485 1089 orestitutione
511 1021 688 1084 diximus·
716 1018 752 1083 Si
782 1018 856 1100 quis
886 1037 950 1080 una
980 1017 1091 1100 aliqua
1121 1038 1156 1081 re
1185 1018 1336 1083 deduc-ta·
1362 1022 1434 1085 sive

278 1136 462 1209 praecepta,
486 1146 572 1207 quae
598 1132 749 1206 quartam
780 1122 937 1195 continet,
961 1120 1063 1184 veluti
1089 1120 1192 1185 fundo
1218 1122 1270 1185 vel
1301 1122 1371 1187 alia
1398 1145 1434 1188 re

277 1240 412 1313 rogatus
425 1231 469 1294 sit
486 1229 656 1292 restituere
676 1227 905 1302 hereditatem,
922 1224 1020 1289 simili
1042 1227 1142 1289 modo
1157 1246 1201 1289 ex
1216 1225 1434 1293 Trebelliano

278 1344 412 1398 senatus
438 1331 590 1397 consulto
617 1331 781 1394 restitutio
806 1330 874 1404 fiat,
903 1329 1039 1412 perinde
1065 1351 1104 1394 ac
1133 1331 1160 1394 si
1187 1342 1307 1412 quarta
1332 1344 1434 1413 parte

278 1448 405 1501 retenta
431 1448 566 1519 rogatus
595 1446 683 1499 esset
707 1434 866 1521 reliquam
894 1435 1113 1500 hereditatem
1138 1436 1321 1499 restituere.
1370 1416 1448 1501 sed'
1476 1510 1479 1515 ,

278 1540 358 1604 illud
387 1542 531 1617 interest,
557 1539 646 1621 quod
677 1538 782 1602 altero
818 1557 905 1615 casu,
930 1538 962 1602 id
996 1549 1047 1602 est
1078 1558 1153 1602 cum
1184 1538 1330 1603 deducta
1362 1539 1434 1603 sive

277 1656 454 1728 praecepta
481 1645 589 1725 aliqua
616 1663 650 1705 re
680 1642 861 1706 restituitur
886 1641 1061 1720 hereditas,
1085 1644 1118 1705 in
1145 1642 1289 1705 solidum
1317 1662 1434 1715 exeo

278 1760 412 1812 senatus
436 1747 587 1811 consulto
606 1746 752 1811 actiones
778 1745 1016 1810 transferuntur
1039 1757 1073 1810 et
1097 1766 1148 1809 res
1171 1766 1257 1827 quae
1280 1760 1434 1813 remanet

281 1854 370 1935 apud
389 1852 545 1915 heredem
571 1851 640 1914 sine
664 1849 733 1912 ullo
758 1870 855 1913 onere
879 1849 1076 1915 hereditario
1100 1852 1188 1932 apud
1213 1870 1291 1914 eum
1316 1852 1445 1938 maliet¹

278 1958 372 2040 quasi
397 1977 441 2019 ex
472 1956 582 2037 legato
614 1957 642 2017 ei
673 1954 847 2036 adquisita,
870 1955 975 2018 altero
998 1977 1075 2018 vero
1105 1974 1192 2031 casu,
1219 1954 1254 2019 id
1277 1966 1330 2020 est
1352 1976 1434 2020 curn

278 2072 396 2144 quarta
412 2070 505 2142 parte
524 2070 652 2124 retenta
671 2070 805 2140 rogatus
829 2070 879 2123 est
902 2059 996 2122 heres
1016 2059 1187 2124 restituere
1208 2058 1435 2125 hereditatem

278 2178 312 2230 et
351 2166 501 2242 restituit,
532 2165 722 2227 scindantur
756 2165 903 2228 actiones
935 2176 968 2228 et
1000 2186 1059 2247 pro
1096 2165 1260 2228 dodrante
1291 2165 1434 2247 quidem

278 2270 514 2334 transferantur
528 2269 571 2331 ad
590 2262 938 2343 fideicommissarium,
955 2290 1015 2352 pro
1034 2270 1218 2351 quadrante
1236 2282 1437 2337 remaneant

280 2374 370 2455 apud
382 2372 551 2439 heredem.
595 2374 673 2453 quin
696 2374 795 2436 etiam
815 2372 892 2436 licet
912 2374 945 2435 in
967 2393 1031 2435 una
1057 2393 1101 2441 re,
1117 2393 1182 2454 qua
1205 2373 1352 2439 deducta
1373 2387 1436 2440 aut

277 2487 456 2560 praecepta
478 2477 648 2540 restituere
665 2477 783 2559 aliquis
800 2476 1019 2542 hereditatem
1044 2488 1177 2559 rogatus
1201 2488 1260 2551 est,
1279 2480 1436 2543 maxima

276 2603 354 2666 pars
378 2581 571 2646 hereditatis
595 2582 809 2658 contineatur,
829 2603 934 2664 aeque
961 2583 993 2645 in
1018 2582 1159 2645 solidum
1191 2582 1437 2648 transferuntur

277 2687 425 2751 actiones
441 2697 475 2750 et
490 2707 601 2752 secum
617 2685 796 2749 deliberare
811 2687 912 2751 debet
934 2687 969 2761 is,
986 2688 1038 2751 cui
1059 2686 1240 2751 restituitur
1254 2686 1437 2765 hereditas,

277 2813 318 2855 an
343 2792 502 2873 expediat
524 2790 585 2852 sibi
609 2790 745 2853 restitui.
801 2792 919 2853 eadem
943 2791 1067 2854 scilicet
1097 2791 1319 2854 interveniunt
1344 2801 1380 2855 et
1406 2793 1435 2855 si

277 2895 406 2959 duabus
444 2894 631 2976 pluribusve
669 2893 765 2955 rebus
803 2894 953 2957 deductis
996 2894 1221 2976 praeceptisve
1258 2894 1436 2961 restituere

277 2998 495 3062 hereditatem
527 3008 660 3080 rogatus
690 2998 741 3060 sit.
796 3000 855 3061 sed
890 3011 924 3061 et
954 2998 980 3061 si
1011 3009 1100 3063 certa
1126 3017 1256 3060 summa
1285 2997 1435 3065 deducta

277 3113 505 3184 praeceptave,
540 3122 625 3183 quae
662 3112 813 3182 quartam
849 3102 901 3164 vel
939 3086 1054 3165 etiam
1078 3102 1261 3164 maximam
1298 3112 1434 3183 partem

278 3205 470 3270 hereditatis
486 3206 641 3279 continet,
659 3215 793 3287 rogatus
814 3205 856 3269 sit
873 3207 991 3288 aliquis
1011 3205 1230 3269 hereditatem
1246 3206 1433 3282 restituere,

277 3312 366 3374 idem
391 3312 468 3373 iuris
495 3321 554 3374 est.
598 3331 683 3392 quae
707 3311 853 3373 diximus
879 3312 922 3374 de
949 3331 989 3374 eo
1013 3312 1070 3393 qui
1096 3331 1140 3373 ex
1167 3329 1240 3373 asse
1262 3310 1358 3373 heres
1381 3311 1432 3375 in-

278 3416 413 3479 stitutus
430 3425 487 3492 est,
504 3415 620 3478 eadem
636 3414 861 3478 transferimus
882 3427 916 3480 et
937 3416 980 3479 ad
1002 3436 1078 3479 eum
1094 3415 1150 3497 qui
1166 3436 1209 3478 ex
1225 3424 1320 3497 parte
1335 3414 1434 3481 heres

278 3519 418 3601 scriptus
435 3529 494 3581 est.

308 3800 330 3871 ·§
344 3806 372 3855 9.
392 3802 462 3855 This
477 3801 501 3855 is
521 3802 611 3856 called
632 3800 769 3855 institutio
787 3819 821 3855 ex
840 3818 869 3855 re
889 3814 974 3857 certa.
1011 3803 1073 3856 The
1093 3803 1207 3871 general
1224 3802 1293 3869 rule,
1306 3803 1402 3859 where
1415 3822 1434 3859 a

279 3902 381 3956 person
393 3903 450 3939 was
463 3885 609 3939 instituted
622 3895 652 3938 to
666 3884 780 3955 specific
793 3896 925 3955 property
938 3886 1013 3954 only,
1026 3903 1083 3939 was
1096 3897 1125 3940 to
1139 3886 1204 3939 take
1217 3885 1265 3939 the
1279 3884 1433 3941 limitation

279 3987 311 4024 as
331 3986 382 4039 pro
404 3986 460 4022 non
480 3968 603 4038 scripto:
624 3967 664 4021 ‘si
685 3986 719 4022 ex
741 3968 829 4021 fundo
851 3969 950 4023 fuisset
972 3968 1072 4038 aliquis
1092 3970 1169 4022 solus
1189 3968 1341 4034 institutus,
1356 3969 1432 4025 valet

279 4052 417 4107 institutio
440 4053 566 4106 detracta
588 4051 666 4105 fundi
685 4051 844 4105 mentione’
863 4051 929 4120 Dig.
943 4053 986 4106 28.
1001 4065 1022 4121 5.
1042 4068 1062 4106 1.
1075 4067 1101 4119 4,
1121 4052 1203 4106 ‘licet
1223 4052 1251 4105 in
1273 4068 1309 4105 eo
1331 4050 1432 4121 [testa-

279 4134 387 4204 mento]
411 4146 549 4190 certarum
571 4152 664 4189 rerum
684 4137 766 4190 heres
788 4136 908 4206 scriptus
928 4146 978 4205 est,
999 4135 1115 4206 perinde
1128 4137 1222 4190 valere
1239 4152 1274 4188 ac
1293 4134 1316 4190 si
1335 4152 1432 4190 rerum

279 4220 385 4274 mentio
399 4220 473 4273 facta
486 4236 542 4272 non
556 4219 646 4273 esset’
660 4218 726 4287 Dig.
741 4220 781 4286 36.
799 4235 819 4272 1.
834 4234 876 4286 30.
916 4220 947 4285 lf,
961 4220 1099 4285 however,
1113 4219 1133 4273 it
1148 4236 1204 4272 was
1218 4220 1294 4272 clear
1306 4219 1368 4272 that
1381 4219 1431 4273 the

279 4312 397 4357 testator
409 4313 505 4356 meant
519 4319 598 4356 some
611 4318 665 4356 one
678 4302 736 4357 else
749 4312 778 4356 to
792 4302 857 4356 taire
871 4303 919 4356 the
933 4302 1053 4369 residue,
1067 4303 1114 4356 the
1131 4301 1269 4356 intention
1283 4301 1377 4355 would
1392 4302 1431 4357 be

279 4385 425 4453 executed,
438 4403 470 4439 as
489 4384 516 4438 in
536 4386 584 4440 the
603 4401 668 4440 case
688 4385 722 4438 of
736 4402 772 4438 an
791 4402 905 4454 express
923 4385 1174 4439 fideicommissum
1187 4385 1283 4439 before
1296 4401 1348 4439 us:
1368 4401 1401 4438 or
1412 4401 1431 4439 a

279 4466 531 4523 fideicommissum
540 4469 632 4535 wpuld
641 4469 678 4523 be
689 4468 804 4538 implied
817 4468 845 4522 in
858 4469 957 4523 favour
969 4469 1001 4522 of
1010 4470 1057 4523 the
1068 4469 1201 4524 intestate
1210 4467 1285 4523 heirs
1297 4468 1376 4537 (Dig.
1386 4482 1429 4538 31.
