2986 5048
180 355 249 441 '346
389 361 741 419 INSTITUTIONUM
758 359 878 418 LIBRI
896 359 1133 433 QUATTUOR.
1220 361 1344 429 [mant.

185 526 271 589 inter
290 546 405 589 omnes
427 534 565 609 nepotes
587 536 621 591 et
643 535 760 610 neptes
782 534 816 590 et
838 523 921 591 alias
942 523 1099 608 deinceps
1117 543 1290 609 personas,
1305 536 1344 590 ut

186 639 325 712 utraque
347 630 523 713 progenies
548 631 663 696 matris
686 651 766 694 suae
789 629 841 694 vel
863 629 976 713 patris,
997 629 1092 693 aviae
1113 628 1167 691 vel
1189 629 1245 692 avi
1267 650 1345 712 por·

185 733 311 798 tionem
335 734 405 798 sine
428 733 494 798 ulla
517 734 743 800 deminutione
765 743 1018 817 consequantur,
1033 742 1080 809 ut,
1101 732 1129 797 si
1150 732 1240 797 sorte
1258 754 1345 797 unus

184 836 238 900 vel
254 837 320 899 duo
336 858 381 901 ex
397 859 463 902 una
477 848 580 920 parte,
596 859 641 903 ex
661 837 765 903 altera
780 848 848 902 tres
867 846 926 901 aut
941 846 1097 918 quattuor
1112 844 1243 911 extent,
1258 858 1345 901 unus

186 949 244 1003 aut
264 942 331 1005 duo
354 942 536 1020 dimidiam,
551 943 648 1007 alteri
669 953 737 1007 tres
759 951 817 1007 aut
840 952 999 1024 quattuor
1012 940 1151 1006 alteram
1166 941 1346 1006 dimidiam

186 1042 380 1110 hereditatis
399 1045 553 1112 habeant.

742 1191 787 1256 11.

351 1370 401 1419 on
423 1368 611 1420 LEGITIMA
632 1367 897 1419 aocunronun
921 1367 1179 1420 successmws.

233 1518 269 1584 Si
295 1540 393 1583 nemo
419 1540 497 1583 suus
527 1518 623 1582 heres
647 1517 700 1581 vel
731 1538 853 1596 eorum,
876 1538 959 1599 quos
986 1519 1072 1583 inter
1098 1538 1176 1584 suos
1201 1518 1347 1585 heredes

189 1633 321 1706 praetor
335 1622 388 1686 vel
411 1622 663 1686 constitutiones
678 1630 807 1700 vocant,
823 1629 919 1686 extat
943 1631 976 1686 et
999 1623 1242 1687 successionem
1262 1643 1348 1705 quo·

190 1746 257 1807 quo
281 1727 382 1789 modo
406 1724 645 1807 amplectatur:
677 1735 756 1788 tunc
783 1744 828 1787 ex
854 1723 928 1807 lege
951 1723 1127 1790 duodecim
1152 1724 1347 1790 tabularum

163 1828 232 1892 lad
263 1830 445 1910 adgnatum
478 1828 669 1911 proximum
697 1826 864 1891 hereditas
895 1828 1045 1910 pertinet.
1109 1827 1197 1893 Sunt
1229 1838 1347 1895 autem

189 1931 336 2013 adgnati,
353 1941 390 1995 ut
406 1931 513 2014 primo
535 1951 668 2014 quoque
689 1930 772 1994 libro
795 1931 1000 2006 tradidimus,
1017 1933 1149 2015 cognati
1167 1951 1227 2015 per
1242 1931 1348 1995 virilis

191 2055 291 2099 sexus
328 2056 485 2118 personas
522 2036 719 2118 cognatione
749 2036 861 2115 iuncti,
891 2037 985 2117 quasi
1019 2056 1039 2100 a
1075 2047 1171 2120 patre
1199 2037 1368 2119 cognati..

191 2141 303 2220 itaque
319 2141 436 2203 eodem
459 2150 553 2222 patre
576 2140 644 2203 nati
666 2139 782 2203 iratres
801 2139 937 2221 adgnati
955 2140 1017 2203 sibi
1040 2150 1129 2216 sunt,
1144 2139 1201 2221 qui
1218 2148 1254 2204 et
1270 2160 1349 2204 con·

191 2242 362 2322 sanguinei
384 2252 551 2318 vocantur,
568 2263 628 2306 nec
652 2243 834 2324 requiritur,
850 2263 893 2306 an
912 2243 1013 2306 etiam
1037 2242 1178 2306 eandem
1202 2251 1348 2307 matrem

191 2343 377 2409 habuerint.
411 2346 491 2409 item
507 2355 645 2427 patruus
660 2346 769 2409 fratris
784 2345 852 2409 filio
868 2356 902 2410 et
918 2347 1056 2410 invicem
1073 2347 1100 2411 is
1116 2345 1163 2409 illi
1178 2345 1349 2429 adgnatos

190 2456 251 2512 est.
305 2448 423 2512 eodem
454 2470 591 2513 numero
617 2460 695 2515 sunt
721 2451 835 2515 fratres
865 2450 1041 2533 patrueles,
1066 2451 1099 2515 id
1131 2459 1183 2516 est
1212 2452 1272 2533 qui
1303 2471 1348 2515 ex

190 2551 321 2615 duobus
350 2551 505 2615 iratribus
540 2554 704 2635 procreati
737 2561 824 2628 sunt,
854 2554 911 2636 qui
942 2555 1044 2617 etiam
1075 2554 1265 2618 consobrini
1290 2576 1349 2619 vo-

192 2665 317 2719 cantur.
368 2676 436 2738 qua
467 2656 593 2720 ratione
624 2657 724 2720 etiam
758 2658 801 2720 ad
835 2656 944 2740 plures
978 2657 1101 2741 gradus
1133 2658 1350 2741 adgnationis

192 2759 362 2843 pervenire
392 2760 583 2842 poterimus.
638 2760 672 2824 hi
703 2782 844 2844 quoque,
875 2763 931 2843 qui
961 2772 1038 2845 post
1070 2771 1212 2827 mortem
1242 2764 1349 2846 patris

193 2874 379 2937 nascuntur,
411 2865 642 2929 nanciscuntur
671 2866 968 2948 consanguinitatis
997 2867 1077 2930 iura.
1134 2887 1201 2930 non
1232 2875 1350 2932 tamen

192 2967 347 3030 omnibus
370 2967 468 3031 simul
498 2969 652 3049 adgnatis
683 2970 741 3033 dat
768 2969 825 3033 lex
854 2970 1084 3045 hereditatem,
1109 2970 1168 3034 sed
1202 2969 1264 3047 his,
1291 2970 1349 3053 qui

192 3079 271 3133 tunc
294 3071 448 3153 proximo
470 3072 575 3152 gradu
593 3080 679 3150 sunt,
695 3092 770 3135 cum
794 3081 920 3137 certum
940 3094 1012 3137 esse
1034 3073 1180 3156 coeperit
1199 3072 1349 3156 aliquem

228 3330 288 3381 'rit
302 3330 345 3381 11.
360 3325 374 3396 ξ
388 3330 413 3381 1.
439 3328 496 3382 Tor
513 3329 562 3383 the
577 3328 687 3398 precise
703 3328 838 3399 meaning
855 3329 888 3383 of
897 3329 1031 3399 ‘agnate'
1047 3346 1096 3385 see
1114 3345 1151 3383 on
1164 3327 1222 3383 Tit.
1237 3342 1262 3382 1.
1278 3341 1318 3397 15.
1335 3343 1347 3382 1

194 3428 268 3480 supr.
305 3411 368 3466 The
382 3412 442 3466 rule
459 3413 491 3465 ol
503 3413 552 3466 the
566 3412 679 3468 Twelve
693 3413 806 3482 Tables,
820 3413 920 3482 which,
933 3413 962 3467 in
978 3413 1084 3468 desault
1102 3412 1135 3466 os
1143 3410 1195 3478 sui,
1208 3428 1283 3481 gave
1300 3411 1350 3466 the

194 3493 356 3549 succession
370 3505 399 3548 to
412 3495 461 3550 the
475 3507 587 3550 nearest
607 3506 710 3564 agnate
728 3513 760 3550 or
777 3508 895 3566 agnates
909 3496 937 3550 in
956 3498 1004 3552 the
1022 3513 1101 3551 same
1118 3496 1231 3565 degree,
1243 3512 1304 3549 was
1317 3510 1351 3549 so

194 3578 303 3647 strictly
315 3578 477 3646 construed,
489 3580 551 3634 that
570 3578 594 3633 if
602 3580 638 3633 he
657 3597 690 3633 or
707 3580 774 3649 they
787 3597 859 3634 were
873 3581 977 3635 unable
990 3597 1022 3634 or
1040 3579 1154 3635 refused
1170 3588 1201 3633 to
1215 3578 1284 3633 take
1300 3579 1351 3633 tbe

194 3661 378 3730 inheritance,
392 3679 471 3716 more
484 3674 592 3718 remote
605 3674 724 3732 agnates
737 3681 810 3718 were
830 3674 880 3719 not
893 3663 1033 3719 admitted
1051 3681 1083 3719 as
1100 3664 1179 3731 such,
1191 3662 1242 3716 but
1256 3661 1278 3717 it
1292 3678 1350 3716 was

194 3744 290 3799 delata
307 3756 337 3799 to
350 3745 398 3800 the
411 3745 487 3799 third
507 3746 589 3814 class,
607 3763 655 3801 see
669 3744 700 3816 ἐξ
718 3760 730 3816 5
745 3747 802 3801 and
816 3759 832 3813 7
846 3747 918 3815 inlr,
932 3748 966 3802 ct
981 3747 1071 3803 Gaius
1084 3747 1122 3802 iii.
1139 3760 1170 3801 12
1189 3745 1258 3801 ‘nec
1272 3745 1303 3799 in
1315 3761 1352 3801 eo

194 3827 253 3883 iure
273 3827 495 3907 successio'est:
516 3829 636 3900 ideoque
649 3830 672 3884 si
687 3830 827 3898 adgnatus
845 3831 988 3901 proximus
1007 3831 1195 3886 hereditatem
1212 3827 1351 3897 omiserit,

194 3913 238 3966 vel
252 3922 406 3982 antequam
419 3911 519 3967 adierit
537 3913 699 3981 decesserit,
713 3914 897 3985 sequentibus
910 3914 980 3968 nihil
994 3913 1061 3968 iuris
1074 3914 1183 3982 exlege
1196 3911 1352 3981 competit?

196 3995 322 4064 Perhaps
347 3995 395 4049 the
420 3995 557 4065 hardship
578 3996 611 4050 os
631 3995 688 4050 this
710 4015 768 4052 was
790 4007 820 4052 to
845 4014 924 4053 some
948 4007 1044 4052 extent
1069 3994 1218 4064 mitigated
1241 3994 1282 4063 by
1301 3994 1351 4050 the

194 4079 362 4133 anomalous
381 4078 454 4148 right
474 4080 565 4134 which
584 4081 633 4135 the
652 4091 765 4135 nearest
787 4092 891 4151 agnate
910 4080 1032 4151 enjoyed
1053 4081 1086 4135 ol
1099 4077 1285 4146 transferring
1305 4077 1352 4131 his

194 4160 270 4229 right
289 4160 322 4214 ol
336 4160 425 4216 aditio
444 4162 481 4230 by
500 4161 528 4215 in
546 4162 605 4217 iure
622 4163 722 4232 cessio,
737 4163 826 4218 Gaius
839 4163 866 4218 ii.
881 4177 923 4233 35,
937 4181 964 4232 p.
979 4163 1031 4232 256
1049 4178 1125 4232 supr.
1162 4162 1225 4215 The
1244 4160 1351 4228 gradus

195 4243 377 4312 adgnationis
390 4262 463 4300 were
480 4245 637 4300 calculated
650 4246 679 4300 in
692 4248 740 4302 the
754 4264 833 4301 same
847 4265 908 4316 way
921 4264 952 4301 as
965 4247 1047 4300 those
1062 4246 1095 4299 of
1104 4243 1266 4313 cognation,
1279 4243 1352 4297 each

196 4326 361 4395 generation
374 4345 406 4381 as
419 4344 473 4383 one
490 4329 593 4398 degree
606 4330 639 4383 ol
651 4332 785 4400 removal,
799 4330 855 4385 Tit.
868 4331 894 4385 6.
908 4331 924 4384 8
938 4329 987 4384 inl.
1025 4331 1083 4383 For
1098 4329 1148 4382 the
1165 4325 1352 4396 significance

197 4407 231 4460 oi
239 4407 286 4462 the
305 4409 468 4478 expression
482 4410 562 4466 ‘cum
575 4423 683 4467 certum
701 4430 765 4469 esse
783 4413 907 4483 coeperit
924 4413 1048 4483 aliquem
1067 4410 1234 4466 intestatum
1252 4408 1351 4465 deces-

198 4489 284 4547 sisse'
296 4507 345 4546 sce
358 4507 394 4544 on
408 4492 463 4546 Tit.
480 4509 503 4546 ι.
516 4507 532 4560 7
546 4512 621 4563 supr.
634 4496 692 4553 and
705 4499 760 4548 Mr.
776 4498 883 4547 Poste's
895 4505 963 4549 note
975 4512 1012 4552 on
1027 4493 1116 4553 Gaius
1128 4492 1166 4546 iii.
1183 4506 1225 4561 13.
