2986 5048
231 318 297 403 564
433 326 584 383 INSTIT
586 325 642 383 UT
639 324 786 383 IONUM
803 324 924 381 LIBRI
943 323 1180 397 QUATTUOR.
1261 323 1327 391 [Lib.
1338 330 1383 380 Ν.

202 506 219 562 7
233 491 301 559 Sed
313 500 442 557 veteres
456 491 590 574 quidem
601 490 684 555 haec
699 500 734 555 et
745 490 778 553 iu
793 488 868 553 filiis
882 488 1023 553 familias
1034 486 1188 553 masculis
1204 498 1238 553 et
1252 487 1383 554 feminis

230 597 443 661 admiserunt.
481 616 566 659 nova
581 604 694 659 autem
714 594 887 658 hominum
905 593 1110 657 conversatio
1125 592 1314 657 huiusmodi
1330 613 1383 656 as·

230 700 407 784 peritatem
423 709 512 764 recte
527 698 745 781 respuendam
768 717 841 786 esse
863 695 1068 762 existimavit
1088 706 1122 760 et
1144 695 1187 759 ab
1210 717 1270 759 usu
1291 716 1382 760 com-

231 803 322 869 muni
337 802 420 867 haec
441 803 573 887 penitus
594 802 747 866 recessit:
771 800 845 883 quis
867 800 955 864 euim
969 800 1095 882 patitur
1114 797 1218 864 filium
1234 820 1330 862 suum
1347 809 1382 863 et

230 907 379 971 maxime
395 906 496 971 filiam
520 907 553 969 in
569 925 693 970 noxam
708 904 764 968 alii
787 905 875 979 dare,
894 912 932 966 ut
950 922 1057 986 paene
1071 922 1132 985 per
1148 922 1267 984 corpus
1287 913 1383 984 pater
1434 891 1437 897 ¹

232 1012 337 1093 magis
353 1031 454 1092 quam
471 1010 556 1073 filius
572 1008 782 1090 periclitetur,
796 1028 872 1073 cum
888 1008 922 1071 in
938 1006 1068 1071 filiabus
1084 1007 1184 1071 etiam
1203 1007 1382 1088 pudicitiae

230 1113 323 1178 lavor
334 1112 397 1177 hoc
408 1113 494 1177 bene
506 1109 677 1177 excludit?
701 1121 735 1176 et
750 1112 825 1175 ideo
840 1110 963 1191 placuit
979 1110 1012 1172 in
1024 1130 1135 1174 servos
1148 1111 1382 1173 tantummodo

231 1218 370 1281 noxales
393 1216 539 1281 actiones
560 1237 633 1280 esse
653 1216 896 1299 proponendas,
916 1234 992 1279 cum
1006 1215 1097 1296 apud
1117 1223 1248 1278 veteres
1268 1213 1381 1295 legum

231 1330 509 1385 commentatores
529 1319 713 1383 invenimus
731 1319 863 1400 saepius
884 1318 1012 1383 dictum
1032 1318 1122 1400 ipsos
1141 1316 1225 1382 filios
1241 1316 1382 1381 familias

231 1445 291 1508 pro
306 1425 373 1489 suis
387 1423 517 1488 delictis
532 1443 629 1507 posse
645 1421 819 1487 conveniri.

773 1661 835 1727 IX.

367 1859 400 1911 SI
423 1858 648 1923 QUADRUI‘ES
672 1857 888 1909 PAUPERIEM
912 1857 1061 1909 FECISSE
1084 1857 1251 1912 DICITUR.

274 2026 482 2090 Animalium
504 2026 646 2102 nomine,
661 2046 747 2108 quae
766 2025 892 2090 ratione
911 2036 1030 2105 carent,
1049 2026 1076 2089 si
1099 2026 1233 2109 quidem
1249 2024 1382 2091 lascivia

230 2141 290 2197 aut
305 2129 430 2194 fervore
446 2129 650 2219 autieritate
665 2129 856 2212 pauperiem
876 2129 1022 2208 iecerint,
1041 2131 1175 2193 noxalis
1197 2130 1285 2194 actio
1305 2131 1382 2214 lege

230 2235 405 2299 duodecim
427 2234 613 2305 tabularum
629 2233 761 2316 prodita
781 2242 833 2297 est
851 2228 951 2318 (quae
971 2232 1127 2297 animalia
1147 2234 1174 2298 si
1197 2254 1306 2298 noxae
1324 2236 1381 2298 de-

229 2338 358 2415 dantur,
373 2337 548 2420 proficiunt
563 2358 618 2400 reo
637 2337 679 2400 ad
703 2336 943 2414 liberationem,
958 2336 1037 2418 quia
1058 2337 1104 2401 ita
1123 2337 1181 2402 lex
1203 2338 1382 2402 duodecim

229 2440 417 2506 tabularum
435 2441 556 2525 scripta
575 2437 656 2525 estl:
677 2450 759 2522 puta
773 2439 800 2502 si
817 2460 921 2523 equus
936 2439 1127 2505 calcitrosus
1144 2439 1234 2507 calce
1250 2463 1383 2524 percus·

229 2545 308 2610 serit
328 2554 385 2609 aut
401 2545 462 2608 bos
477 2565 576 2608 comu
592 2554 705 2626 petere
720 2542 836 2607 solitus
852 2543 993 2625 petierit.
1018 2543 1101 2609 haec
1116 2555 1229 2610 autem
1246 2547 1333 2611 actio
1348 2547 1382 2610 in

229 2647 289 2726 his,
304 2670 390 2730 quae
410 2658 524 2712 contra
543 2659 694 2712 naturam
716 2657 898 2725 moventur,
914 2645 1023 2711 locum
1042 2648 1165 2712 habet:
1189 2660 1335 2714 ceterum
1353 2651 1382 2714 si

230 2752 384 2835 genitalis
404 2753 446 2815 sit
468 2751 588 2829 feritas,
610 2762 726 2816 cessat.
772 2751 925 2834 Denique
946 2751 973 2814 si
997 2772 1090 2816 ursus
1111 2751 1195 2835 fugit
1210 2774 1230 2816 a
1245 2755 1382 2818 domino

231 2866 265 2920 et
288 2857 333 2918 sic
356 2856 477 2929 nocuit,
502 2875 568 2918 non
596 2865 710 2937 potest
735 2856 905 2937 quondam
929 2856 1083 2920 dominus
1108 2859 1281 2936 conveniri,
1304 2858 1382 2940 quia

231 2959 352 3041 desinit
375 2958 530 3021 dominus
556 2978 638 3030 esse,
665 2958 720 3022 ubi
748 2957 817 3022 iera
841 2959 953 3023 evasit.
990 2959 1164 3043 pauperies
1190 2971 1303 3025 autem
1331 2972 1382 3026 est

231 3063 390 3127 damnum
406 3061 476 3125 sine
491 3060 608 3125 iniuria
625 3060 774 3125 facientis
790 3062 925 3126 datum:
949 3083 1009 3127 nec
1026 3063 1113 3127 enim
1132 3073 1243 3147 potest
1258 3065 1382 3130 animal

232 3166 383 3229 iniuriam
398 3164 515 3229 fecisse
529 3165 602 3244 dici,
613 3167 702 3250 quod
717 3186 816 3229 sensu
832 3177 929 3231 caret.
958 3165 1041 3232 haec
1056 3169 1146 3251 quod
1163 3170 1207 3232 ad
1224 3169 1381 3235 noxalem

232 3269 396 3332 actionem
413 3269 565 3351 pertinet.

269 3523 325 3596 §¹1.
344 3527 406 3580 The
418 3527 502 3580 noxal
519 3526 669 3581 surrender
686 3526 720 3581 of
732 3526 904 3583 filiifamilias
919 3528 1020 3598 (Gaius
1033 3528 1070 3584 iv.
1083 3543 1127 3598 74.
1140 3544 1175 3601 79
1193 3534 1297 3603 speaks
1316 3534 1383 3602 only

233 3610 265 3663 os
274 3608 348 3675 sons)
362 3626 419 3664 was
432 3610 551 3665 effected
564 3610 602 3680 by
614 3609 787 3681 mancipatio
799 3631 806 3677 ;
825 3612 892 3680 they
904 3613 988 3666 stood
1006 3612 1035 3667 in
1053 3614 1195 3685 mancipio
1211 3627 1241 3671 to
1257 3618 1306 3671 the
1324 3634 1383 3671 sur-

233 3693 369 3747 renderee
383 3693 459 3760 (note
472 3708 510 3746 on
523 3691 574 3747 Bla
586 3692 602 3748 i.
614 3693 630 3747 8
643 3693 740 3763 supr),
753 3694 802 3748 the
815 3693 967 3749 Sabinians
981 3696 1099 3766 holding
1111 3698 1172 3753 that
1185 3716 1239 3753 one
1252 3701 1312 3755 sale
1325 3717 1383 3755 was

233 3773 372 3829 sufficient
390 3774 435 3829 ior
450 3776 506 3829 this
524 3792 654 3845 purpose,
667 3775 862 3832 ‘crediderunt
881 3777 957 3832 euim
976 3789 1033 3834 tres
1052 3780 1114 3850 lege
1133 3781 1284 3838 duodecim
1303 3784 1384 3838 tabu·

233 3859 322 3913 larum
336 3858 374 3912 ad
386 3857 558 3913 voluntarias
571 3858 795 3929 mancipatioues
808 3859 963 3931 pertinere’
976 3861 1064 3918 Gaius
1078 3863 1113 3919 iv.
1127 3876 1168 3933 79.

269 3944 384 4010 Among
404 3942 452 3997 the
472 3941 597 3997 ‘veteres
616 3944 711 4013 legum
732 3947 986 4000 commentatores'
1004 3963 1052 4002 are
1072 3947 1161 4003 Gaius
1179 3947 1301 4017 himself,
1316 3949 1382 4020 Dig.

233 4039 277 4091 44.
291 4038 315 4090 7.
330 4039 364 4092 39
377 4043 385 4089 ;
398 4025 579 4094 Pomponius,
595 4026 661 4096 Dig.
674 4041 698 4095 9.
713 4041 737 4094 4
753 4042 785 4094 33
799 4047 805 4093 ;
824 4027 961 4097 lulianus,
975 4028 1010 4083 ib.
1026 4043 1068 4099 34,
1082 4030 1139 4085 and
1153 4031 1268 4102 Ulpian,
1283 4032 1348 4102 Dig.
1360 4046 1383 4103 5.

238 4122 259 4161 1.
270 4120 302 4176 57
315 4128 322 4173 ;
340 4122 364 4176 9.
375 4120 458 4175 3.1.7
471 4127 478 4174 3
496 4122 520 4177 9.
530 4124 555 4175 4.
565 4121 606 4178 35.
638 4111 696 4164 For
704 4109 867 4181 Justinian’s
877 4111 1040 4169 affectation
1052 4114 1085 4168 oi
1093 4114 1167 4185 legal
1179 4116 1384 4172 conservatism

234 4190 270 4246 ci.
285 4191 336 4244 Bk.
351 4190 378 4245 ii.
395 4206 434 4257 14.
448 4208 498 4261 pr,
511 4191 537 4246 ii.
553 4207 595 4248 20.
608 4208 643 4261 34
655 4210 731 4263 supr.

270 4278 330 4328 uit.
344 4277 402 4329 1x.
421 4275 484 4329 The
500 4275 661 4330 conditions
677 4276 768 4332 under
780 4276 871 4332 which
883 4280 932 4334 the
944 4279 1028 4334 noxal
1045 4279 1120 4335 actio
1137 4281 1174 4336 de
1186 4281 1321 4353 pauperie
1338 4283 1386 4353 lay

236 4372 285 4410 are
300 4357 460 4425 accurately
472 4358 566 4412 stated
585 4358 612 4412 iu
632 4359 688 4414 this
702 4359 785 4415 Title.
823 4363 865 4431 By
884 4363 934 4417 the
951 4363 1064 4419 Twelve
1084 4365 1189 4420 Tables
1209 4367 1258 4421 the
1279 4366 1385 4421 animal

237 4448 312 4494 must
325 4438 362 4494 be
374 4439 545 4496 four-footed
559 4439 636 4513 (Dig.
650 4456 675 4513 o
692 4457 715 4498 1.
732 4458 754 4498 1.
767 4443 804 4514 2),
816 4443 867 4500 but
880 4444 918 4515 by
930 4445 1123 4509 construction
1135 4447 1185 4504 the
1197 4448 1314 4520 remedy
1327 4466 1384 4507 was
