2986 5048
743 280 784 343 88

191 460 377 544 nostrisque
411 455 617 523 suasionibus
657 463 859 538 componant
897 452 1141 541 institutiones:
1182 465 1222 522 ut
1252 456 1347 523 liceat

190 566 284 630 vobis
306 564 413 647 prima
435 562 546 644 legum
567 558 731 624 cunabula
752 579 818 622 non
840 559 884 623 ab
906 558 1050 642 antiquis
1070 559 1193 625 sabulis
1210 561 1345 636 discere,

191 671 249 734 sed
277 668 319 732 ab
347 665 507 750 imperiali
540 663 717 746 splendore
753 673 912 746 appetere
944 672 979 727 et
1015 673 1085 728 tarn
1116 684 1217 728 aures
1248 685 1345 747 quam

191 774 322 836 animae
344 781 471 834 vestrae
495 768 574 832 nihil
602 766 717 831 inutile
739 766 886 850 nihilque
908 787 1081 850 perperam
1103 769 1267 851 positum,
1290 771 1344 833 sed

191 876 280 959 quod
297 875 330 937 in
346 874 424 956 ipsis
443 892 550 936 rerum
572 871 701 954 optinet
722 871 926 952 argumentis
948 872 1129 954 accipiant:
1154 883 1189 937 et
1207 874 1344 955 quodin

190 980 300 1062 priore
322 988 473 1060 tempore
487 977 545 1040 vix
564 985 640 1059 post
657 975 911 1058 quadriennium
934 975 1097 1058 prioribus
1120 977 1344 1060 contingebat,

191 1091 228 1147 ut
266 1094 344 1149 tunc
382 1080 633 1146 constitutiones
669 1079 896 1162 imperatorias
932 1079 1093 1163 legerent,
1126 1079 1191 1143 hoc
1231 1101 1293 1145 vos
1326 1102 1345 1144 a

191 1186 372 1270 primordio
396 1182 624 1266 ingrediamini
648 1182 739 1264 digni
766 1190 860 1246 tanto
886 1181 1011 1247 honore
1035 1192 1198 1265 tantaque
1227 1186 1345 1267 reperti

192 1288 357 1368 felicitate,
371 1297 409 1352 ut
425 1297 458 1352 et
473 1287 602 1350 initium
616 1286 710 1350 vobis
734 1293 766 1349 et
789 1285 864 1349 finis
887 1285 998 1369 legum
1019 1286 1215 1351 eruditionis
1230 1309 1253 1351 a
1268 1309 1345 1353 voce

162 1392 363 1475 sprincipali
388 1391 555 1474 procedat.
602 1390 708 1473 Igitur
734 1398 810 1472 post
839 1389 942 1453 libros
971 1389 1213 1473 quinquaginta
1237 1392 1344 1475 diges-

191 1505 301 1561 torum
316 1517 373 1560 seu
390 1496 638 1578 pandectarum,
653 1495 686 1557 in
706 1514 790 1577 quos
808 1514 908 1557 omne
924 1493 974 1558 ius
994 1495 1168 1578 antiquum
1185 1495 1344 1561 collatum

192 1609 243 1664 est
259 1597 356 1684 (quos
378 1619 437 1681 per
458 1599 601 1662 eundem
621 1597 726 1661 virum
748 1597 916 1661 excelsum
932 1597 1170 1662 Tribonianum
1194 1619 1259 1665 nec
1282 1621 1345 1664 non

193 1712 320 1768 ceteros
345 1702 431 1766 viros
458 1701 599 1765 illustres
629 1709 663 1765 et
693 1700 946 1766 facundissimos
975 1699 1200 1788 confecimus),
1227 1704 1263 1767 in
1288 1703 1346 1769 hos

193 1815 350 1889 quattuor
370 1805 470 1870 libros
496 1805 629 1870 easdem
657 1804 879 1869 institutiones
902 1805 1015 1888 partiri
1040 1805 1202 1884 iussimus,
1222 1817 1262 1871 ut
1283 1810 1347 1872 sint

163 1910 295 1975 5totius
318 1910 488 1994 legitimae
514 1908 671 1973 scientiae
697 1908 804 1991 prima
830 1908 1004 1974 elementa.
1051 1909 1180 1992 Quibus
1202 1911 1347 1977 breviter

194 2014 383 2097 expositum
399 2023 449 2078 est
466 2024 500 2079 et
516 2013 605 2096 quod
627 2022 726 2077 antea
746 2012 919 2095 optinebat
941 2021 975 2078 et
990 2014 1079 2096 quod
1095 2023 1214 2096 postea
1229 2016 1347 2082 desue-

193 2118 307 2182 tudine
337 2118 559 2182 inumbratum
588 2118 632 2181 ab
663 2116 822 2201 imperiali
852 2118 998 2182 remedio
1028 2116 1252 2183 illuminatum
1287 2133 1347 2187 est.

162 2226 180 2281 6
195 2221 287 2304 Quas
308 2241 352 2284 ex
375 2222 526 2285 omnibus
548 2221 759 2303 antiquorum
782 2221 1041 2286 institutionibus
1057 2230 1090 2286 et
1105 2223 1287 2306 praecipue
1304 2247 1348 2290 ex

193 2324 438 2389 commentariis
468 2323 543 2388 Gaii
577 2322 680 2388 nostri
717 2333 787 2388 tam
826 2324 1068 2389 institutionum
1105 2344 1207 2407 quarn
1238 2348 1348 2393 rerum

192 2429 447 2492 cottidianarum
473 2427 612 2511 aliisque
636 2427 748 2492 multis
775 2429 1019 2493 commentariis
1043 2428 1248 2512 compositas
1270 2452 1347 2497 cum

192 2541 260 2596 tres
281 2531 439 2615 praedicti
460 2532 520 2596 viri
544 2531 723 2615 prudentes
753 2532 848 2597 nobis
874 2532 1073 2615 optulerunt,
1091 2542 1125 2596 et
1147 2533 1292 2616 legimus
1315 2547 1349 2601 et

193 2635 405 2720 cognovimus
428 2645 462 2700 et
484 2636 711 2719 plenissimum
735 2646 921 2701 nostrarum
952 2637 1224 2702 constitutionum
1248 2641 1349 2705 robur

194 2740 241 2804 eis
257 2739 592 2805 accommodavimus.

163 2855 180 2908 7
239 2845 378 2911 Summa
409 2847 520 2930 itaque
557 2867 622 2929 ope
655 2856 689 2910 et
722 2846 821 2911 alacri
859 2848 970 2912 studio
1002 2846 1065 2911 has
1092 2846 1184 2932 leges
1215 2860 1348 2916 nostras

193 2949 332 3032 accipite
356 2960 389 3015 et
411 2960 541 3015 vosmet
568 2951 657 3032 ipsos
681 2949 728 3014 sic
755 2950 902 3014 eruditos
925 2951 1100 3027 ostendite,
1125 2960 1162 3016 ut
1188 2973 1267 3036 spes
1287 2976 1347 3020 vos

192 3053 411 3136 pulcherrima
431 3054 541 3118 foveat
563 3062 636 3119 toto
658 3053 807 3138 legitimo
829 3074 929 3138 opere
952 3055 1099 3138 perfecto
1120 3075 1218 3139 posse
1245 3059 1347 3124 etiam

193 3167 340 3222 nostram
374 3178 443 3222 rem
476 3158 643 3241 publicam
682 3159 715 3221 in
752 3159 900 3241 partibus
938 3160 1007 3224 eius
1039 3160 1134 3225 vobis
1171 3163 1347 3230 credendis

192 3262 384 3345 gubernare.

237 3366 328 3431 Data
355 3365 530 3430 undecimo
555 3364 715 3431 kalendas
741 3366 944 3430 Decembres
969 3365 1261 3450 Constantinopoli
1287 3374 1347 3439 do·

195 3468 283 3534 mino
306 3477 417 3534 nostro
442 3469 625 3534 Iustiniano
647 3481 808 3554 perpetuo
831 3468 987 3553 Augusto
1010 3470 1144 3535 tertium
1167 3475 1316 3542 consule.
