2986 5048
236 418 298 487 134
434 404 509 462 INS
511 405 583 461 TIT
585 404 642 461 UT
638 403 784 460 IONUM
801 402 922 459 lIBRI
940 403 1177 475 QUATTUOR.
1289 406 1354 473 [Lib.
1368 413 1390 462 l.

234 571 480 637 distinctionem
497 570 619 654 recipit.
665 589 741 634 nam
765 579 895 634 mortuo
915 578 1010 653 patre
1024 590 1104 633 sane
1119 569 1313 634 omnimodo
1328 569 1387 633 filii

233 677 362 740 filiaeve
383 676 433 738 sui
453 674 530 738 iuris
549 674 740 740 efficiuntur.
779 683 908 737 mortuo
928 693 1006 737 vero
1026 694 1089 737 avo
1110 693 1175 737 non
1192 675 1387 738 omnimodo

235 791 372 864 nepotes
393 790 575 861 neptesque
595 779 644 842 sui
668 778 745 841 iuris
768 777 860 855 fiunt,
879 780 937 843 sed
960 777 1017 854 ita,
1033 777 1060 840 si
1078 786 1154 860 post
1176 788 1317 841 mortem
1334 781 1386 843 avi

235 885 268 948 in
284 893 485 967 potestatem
503 882 669 965 patrissui
691 881 830 945 recasuri
846 902 911 945 non
927 890 1021 946 sunt:
1045 882 1157 964 itaque
1176 881 1202 945 si
1225 883 1387 948 moriente

234 1008 297 1051 avo
320 997 415 1069 pater
437 1007 549 1049 eorum
573 996 607 1049 et
628 986 709 1049 vivit
732 994 766 1048 et
789 986 821 1048 in
844 994 1009 1067 potestate
1031 985 1133 1069 patris
1156 985 1205 1048 sui
1228 994 1288 1063 est,
1308 997 1387 1052 tunc

234 1101 311 1175 post
333 1091 460 1155 obitum
483 1091 535 1153 avi
554 1090 587 1153 in
607 1090 710 1172 patris
732 1090 781 1152 sui
804 1099 971 1172 potestate
993 1088 1096 1154 fiunt:
1119 1089 1145 1153 si
1169 1110 1247 1153 vero
1268 1091 1304 1169 is,
1320 1112 1387 1173 quo

234 1204 385 1277 tempore
406 1215 487 1257 avus
511 1194 654 1272 moritur,
669 1203 726 1258 aut
749 1193 815 1257 iam
838 1205 986 1258 mortuus
1007 1202 1058 1257 est
1080 1203 1137 1257 aut
1160 1194 1243 1258 exiit
1263 1195 1306 1259 de
1326 1215 1387 1278 po·

235 1307 359 1362 testate
384 1297 495 1379 patris,
523 1308 601 1362 tunc
625 1297 669 1372 hi,
693 1297 771 1379 quia
798 1298 831 1359 in
855 1306 1056 1380 potestatem
1080 1297 1150 1361 eius
1177 1297 1295 1362 cadere
1319 1319 1386 1362 non

211 1411 382 1486 lpossunt‚
397 1403 446 1465 sui
465 1401 542 1464 iuris
557 1401 649 1465 fiunt.
695 1399 780 1465 Cum
801 1411 913 1465 autem
936 1403 971 1477 is,
986 1402 1042 1483 qui
1062 1402 1107 1465 ob
1128 1400 1262 1484 aliquod
1284 1402 1388 1467 male·

234 1507 345 1570 ficium
370 1507 404 1568 in
429 1504 568 1568 insulam
591 1506 793 1588 deportatur,
819 1505 986 1570 civitatem
1013 1504 1144 1583 amittit,
1170 1506 1318 1587 sequitur
1340 1516 1386 1584 ut,

235 1612 312 1694 quia
328 1631 368 1674 eo
384 1609 485 1674 modo
500 1629 544 1672 ex
561 1629 697 1672 numero
715 1609 835 1673 civium
856 1608 1083 1672 Romanorum
1098 1608 1232 1685 tollitur,
1249 1609 1387 1692 perinde

235 1714 302 1779 acsi
330 1723 460 1777 mortuo
483 1734 522 1776 eo
545 1713 697 1776 desinant
723 1711 816 1775 liberi
843 1712 876 1773 in
902 1720 1069 1794 potestate
1093 1713 1161 1775 eius
1186 1733 1266 1777 esse.
1315 1714 1386 1797 pari

210 1816 215 1824 ’
237 1818 364 1882 ratione
386 1826 420 1880 et
442 1816 469 1879 si
492 1816 529 1895 is,
546 1816 602 1898 qui
626 1818 659 1879 in
682 1824 848 1899 potestate
870 1817 1016 1898 parentis
1039 1817 1088 1893 sit,
1112 1816 1145 1878 in
1166 1816 1306 1880 insulam
1327 1819 1386 1882 de·

234 1928 385 2006 portatus
408 1920 512 1994 fuerit,
534 1919 655 1984 desinit
678 1920 711 1982 in
729 1928 897 2001 potestate
916 1920 1063 2002 parentis
1083 1940 1163 1984 esse.
1209 1921 1267 1984 sed
1291 1922 1318 1985 si
1342 1942 1386 1986 ex

236 2024 440 2109 indulgentia
466 2022 637 2106 principaii
663 2022 804 2088 restituti
831 2020 959 2101 suerint,
986 2042 1045 2106 per
1074 2024 1186 2089 omnia
1211 2026 1386 2107 pristinum

236 2259 303 2314 iuris
316 2276 353 2313 on
367 2261 416 2314 the
424 2258 628 2329 grandfathers
641 2259 737 2325 death,
747 2256 771 2312 ii
780 2257 854 2313 their
865 2272 928 2313 own
936 2259 1028 2314 father
1037 2259 1062 2314 is
1072 2258 1101 2313 in
1111 2261 1159 2315 the
1169 2276 1248 2315 stum
1257 2271 1387 2331 potestas

236 2342 302 2397 with
316 2345 403 2411 thern,
417 2353 491 2397 must
510 2342 546 2397 be
566 2341 699 2413 qualified
717 2342 756 2412 by
768 2343 843 2396 what
856 2342 909 2396 has
922 2343 995 2402 been
1014 2342 1077 2398 said
1089 2344 1180 2398 above
1193 2360 1230 2397 on
1244 2343 1299 2400 Tit.
1316 2358 1355 2400 11.
1370 2347 1387 2400 8

236 2425 264 2480 in
278 2425 440 2495 remarking
453 2442 528 2496 upon
544 2426 608 2496 Dig.
627 2441 646 2480 1.
661 2438 686 2493 7.
699 2441 742 2492 41.

271 2510 285 2577 §
300 2512 323 2564 1.
346 2512 380 2564 In
394 2510 441 2564 the
455 2509 524 2564 tirne
541 2508 574 2562 of
589 2506 678 2564 Gaius
693 2507 721 2577 (i.
738 2508 798 2576 128)
812 2508 1034 2564 condemnation
1047 2519 1077 2564 to
1090 2511 1148 2564 loss
1161 2510 1194 2564 oi
1205 2508 1304 2565 civitas
1317 2512 1387 2566 took

234 2592 283 2649 the
305 2592 377 2648 form
396 2593 429 2647 of
447 2609 539 2663 aquae
558 2603 587 2648 et
609 2591 682 2661 ignis
702 2590 871 2661 interdictio,
890 2593 981 2647 which
1001 2592 1150 2663 originally
1168 2610 1226 2648 was
1244 2594 1351 2663 merely
1369 2609 1388 2650 a

235 2677 345 2732 solemn
361 2676 559 2731 confirmation
578 2676 611 2731 of
625 2676 774 2746 voluntary
786 2676 858 2731 exile
870 2676 909 2746 by
922 2676 1014 2731 which
1033 2694 1069 2731 an
1088 2677 1212 2732 accused
1224 2676 1294 2732 civis
1307 2677 1387 2732 with-

235 2762 311 2816 drew
321 2761 439 2815 himself
446 2761 518 2814 from
532 2777 549 2814 a
562 2758 690 2814 criminal
703 2758 893 2830 prosecution‚
903 2760 961 2814 and
974 2762 1040 2830 only
1050 2761 1253 2832 subsequently
1262 2777 1344 2816 came
1357 2772 1388 2816 to

234 2843 270 2899 be
284 2845 363 2912 used,
372 2854 453 2914 apart
466 2844 538 2898 irorn
551 2843 621 2911 that,
634 2859 666 2897 as
679 2860 697 2898 a
710 2842 781 2897 iorm
795 2844 828 2897 oi
836 2843 1019 2913 punishment
1030 2862 1038 2910 ;
1057 2862 1105 2899 see
1120 2844 1190 2914 Livy
1200 2856 1270 2914 25.4
1283 2864 1290 2910 ;
1309 2845 1352 2899 26.
1361 2861 1387 2915 3,

236 2927 294 2982 Cic.
309 2944 359 2997 pro
374 2928 456 2982 Caec.
472 2941 512 2995 33
528 2941 570 2995 34.
607 2927 688 2980 Alter
706 2926 795 2981 Gaius
814 2925 834 2980 it
853 2926 972 2982 became
986 2942 1064 2982 more
1078 2927 1159 2982 usual
1176 2938 1205 2982 to
1221 2927 1309 2982 inflict
1328 2928 1387 2983 loss

235 3010 268 3064 oi
282 3009 381 3064 civitas
393 3011 431 3078 by
445 3009 604 3080 deportatio
621 3009 650 3063 in
669 3009 799 3078 insulam,
813 3027 831 3064 a
844 3021 978 3065 sentence
997 3010 1030 3065 of
1045 3010 1226 3066 banishment
1240 3012 1283 3065 lor
1295 3009 1343 3067 life
1357 3021 1388 3067 to

234 3092 325 3148 either
343 3109 379 3147 an
399 3093 492 3149 island
504 3111 536 3149 or
549 3110 628 3148 some
641 3093 772 3148 confined
789 3111 875 3164 space
894 3111 931 3148 on
950 3094 999 3149 the
1018 3093 1172 3162 mainland,
1187 3095 1253 3165 Dig.
1268 3109 1310 3162 32.
1328 3110 1349 3149 1.
1361 3111 1386 3164 3.

236 3177 424 3247 Deportation
444 3177 476 3231 of
491 3176 581 3232 either
598 3176 675 3231 child
696 3194 729 3230 or
751 3177 843 3231 father
861 3188 911 3248 put
929 3192 966 3232 an
987 3179 1043 3232 end
1062 3190 1092 3233 to
1110 3188 1245 3248 potestas,
1262 3179 1388 3235 because

236 3261 301 3329 (Tit.
316 3275 341 3330 9.
355 3277 371 3316 2
385 3261 471 3331 supr.)
493 3260 552 3314 ‘ius
572 3257 721 3331 potestatis
744 3260 888 3330 proprium
910 3271 954 3315 est
976 3261 1080 3315 civium
1101 3263 1295 3316 Romanorum
1309 3263 1327 3316 :’
1348 3263 1387 3330 by

234 3344 327 3414 losing
347 3344 391 3399 his
411 3342 510 3399 civitas
531 3345 580 3399 the
602 3342 678 3398 child
697 3344 752 3399 lost
770 3343 814 3398 his
834 3344 964 3414 capacity
985 3345 1017 3399 of
1035 3344 1122 3415 being
1140 3344 1168 3398 in
1188 3355 1323 3416 potestas,
1337 3347 1388 3401 the

234 3428 326 3483 father
339 3429 400 3482 that
414 3427 447 3481 oi
455 3426 612 3496 exercising
625 3425 654 3481 it.
693 3427 727 3480 In
740 3444 806 3481 case
819 3428 851 3481 of
860 3428 1028 3483 restoration
1041 3429 1080 3497 by
1093 3427 1220 3499 imperial
1234 3428 1340 3498 favour,
1354 3447 1387 3485 as

235 3510 399 3565 mentioned
416 3511 444 3565 in
460 3512 509 3565 the
526 3519 592 3578 text,
609 3509 630 3564 it
650 3527 743 3565 seems
761 3512 822 3566 that
839 3521 867 3565 at
888 3511 946 3566 first
965 3512 1032 3580 only
1051 3512 1120 3566 such
1139 3511 1229 3583 rights
1250 3528 1323 3567 were
1342 3530 1388 3568 re·

234 3594 355 3650 covered
380 3612 412 3649 as
431 3611 503 3649 were
528 3595 672 3664 expressly
694 3594 829 3664 specitied
849 3592 990 3664 (Vitellius
1010 3595 1046 3650 ab
1072 3595 1155 3650 exilio
1180 3594 1300 3650 reversis
1326 3595 1388 3652 iura

193 3670 199 3682 '
234 3678 398 3733 libertorum
412 3677 560 3747 concessit,
574 3679 641 3732 Tac.
658 3677 732 3732 Hist.
748 3694 772 3733 2.
785 3678 840 3749 92),
854 3679 912 3733 and
925 3679 981 3734 this
994 3696 1052 3733 was
1071 3689 1132 3734 true
1145 3678 1174 3733 in
1187 3678 1340 3748 particular
1357 3681 1392 3735 oi

234 3758 326 3830 patria
355 3769 500 3829 potestas:
533 3757 579 3813 ‘in
604 3759 726 3816 insulam
749 3761 805 3816 lilio
827 3763 984 3831 deportato,
1007 3762 1117 3834 hacque
1139 3761 1249 3817 ratione
1273 3762 1388 3819 vinculo

234 3852 370 3913 paternae
389 3841 538 3913 potestatis
557 3852 697 3913 exempto,
712 3844 735 3899 si
749 3857 850 3916 postea
868 3863 903 3901 ex
921 3845 1097 3916 indulgentia
1109 3845 1166 3901 divi
1180 3845 1343 3916 Alexandri,
1356 3857 1388 3902 ut

234 3926 378 3996 proponis,
392 3924 498 3981 reditus
518 3926 546 3980 in
565 3926 687 3997 patrium
701 3930 792 3983 solum
805 3930 1036 4000 praecedensque
1055 3929 1179 3999 dignitas
1198 3928 1328 3986 restituta
1340 3930 1386 4000 sit,

234 4020 360 4081 potestas
380 4021 476 4065 tamen
494 4009 586 4081 patria
604 4011 724 4080 repetita
743 4029 800 4066 non
819 4013 945 4068 videtur’
964 4013 1091 4068 Gordian
1111 4013 1140 4068 in
1159 4014 1227 4069 Cod
1251 4027 1276 4082 ᾳ
1295 4026 1336 4082 51.
1350 4015 1387 4080 6;

234 4093 284 4149 but
298 4094 354 4148 this
367 4106 442 4148 must
456 4094 594 4165 probably
606 4094 642 4149 be
655 4097 742 4151 taken
761 4107 791 4152 to
809 4098 882 4152 have
899 4098 972 4152 been
986 4096 1132 4152 overruled
1145 4097 1184 4166 by
1198 4096 1387 4152 Constantine

235 4175 263 4231 in
282 4178 351 4232 Cod.
369 4177 423 4232 loc.
440 4177 486 4232 cit.
504 4194 542 4247 13,
562 4179 607 4234 ‘in
627 4180 794 4249 quaestione
805 4181 977 4251 testamenti,
990 4181 1068 4252 quod
1088 4179 1228 4251 deportati
1250 4179 1323 4234 filius
1343 4197 1388 4236 re*

235 4270 349 4314 meante
361 4272 441 4331 patre
455 4261 576 4332 lecisset,
589 4263 707 4320 remotis
722 4265 838 4335 Ulpiani
852 4277 937 4336 atque
952 4264 1030 4319 Pauli
1041 4264 1116 4319 notis
1130 4261 1278 4334 Papiniani
1292 4263 1387 4333 placet

235 4343 329 4398 valere
347 4344 526 4415 sententiam,
540 4356 570 4401 ut
589 4347 617 4402 in
637 4348 724 4418 patris
745 4348 817 4403 filius
836 4349 872 4403 sit
888 4359 1038 4419 potestate,
1051 4347 1096 4403 cui
1113 4347 1237 4418 dignitas
1256 4362 1291 4402 ac
1309 4346 1388 4404 bona

236 4425 365 4481 restituta
387 4430 469 4483 sunt'
514 4433 541 4486 lt
561 4431 616 4486 will
634 4432 671 4487 be
692 4432 832 4487 observed
854 4434 915 4488 that
936 4431 1004 4487 here
1024 4432 1072 4487 the
1089 4430 1271 4487 termination
1291 4430 1388 4488 ottho

236 4508 329 4580 patria
341 4520 468 4581 potestas
482 4528 538 4569 vas
557 4515 763 4587 accompanied
779 4515 818 4587 by
830 4516 931 4587 capitis
949 4515 1114 4572 deminutio.
1152 4517 1187 4570 Iu
1206 4530 1261 4570 one
1278 4530 1312 4570 or
1329 4524 1387 4571 two
