2986 5048
207 390 270 461 342
412 373 764 433 uvsrrrurrovmr
782 370 902 427 aram
920 368 1159 443 Qvnrruoa.
1241 370 1365 439 [uum.
1418 460 1422 467 Ι

208 544 312 609 secuti
337 552 421 617 sunt,
439 541 504 606 alia
526 541 612 606 civili
636 539 771 615 ratione,
788 538 821 602 id
844 546 896 602 est
918 537 1190 621 emancipatione,
1204 538 1364 622 perdunt

162 657 195 713 12
210 649 338 713 Eadem
354 648 436 712 haec
452 647 669 711 observantur
684 654 718 709 et
734 644 767 708 in
788 664 828 707 ea
848 643 1011 708 bonorum
1026 643 1247 724 possessione,
1261 664 1365 727 quam

208 761 325 817 contra
350 749 480 815 tabulas
505 748 697 814 testamenti
723 747 869 831 parentis
892 746 1004 811 liberis
1030 746 1226 829 praeteritis,
1250 748 1285 812 id
1313 756 1365 813 est

208 876 315 938 neque
344 854 520 918 heredibus
558 851 716 917 institutis
754 870 861 934 neque
897 860 934 916 ut
970 859 1104 933 oportet
1139 848 1366 930 exheredatis,

208 967 341 1041 praetor
355 957 538 1041 pollicetur.
582 976 660 1020 nam
677 976 734 1019 eos
748 954 892 1037 quidem,
906 953 963 1038 qui
981 954 1015 1017 in
1033 962 1200 1037 potestate
1214 955 1367 1036 parentis

209 1062 325 1126 mortis
342 1071 491 1145 tempore
514 1060 655 1133 fuerunt,
672 1069 706 1124 et
728 1060 952 1142 emancipatos
966 1069 1065 1123 vocat
1079 1068 1213 1141 praetor
1226 1060 1273 1123 ad
1288 1080 1367 1123 eam

209 1165 371 1229 bonorum
399 1165 661 1249 possessionem:
701 1184 758 1228 eos
787 1183 876 1238 vero,
900 1162 957 1246 qui
987 1162 1021 1225 in
1050 1162 1209 1247 adoptiva
1238 1163 1368 1228 familia

210 1269 340 1333 fuerunt
360 1289 419 1351 per
441 1267 503 1333 hoc
526 1278 667 1350 tempus,
688 1287 755 1351 quo
779 1266 937 1330 naturalis
960 1285 1078 1349 parens
1100 1276 1293 1340 moreretur,
1314 1288 1366 1332 re·

210 1372 314 1455 pellit.
360 1373 441 1438 item
457 1371 633 1455 adoptivos
649 1369 770 1435 liberos
793 1370 1019 1454 emancipatos
1034 1370 1078 1434 ab
1092 1371 1254 1453 adoptIvo
1269 1380 1367 1454 patre

210 1476 295 1540 sicut
317 1476 360 1539 ab
382 1476 549 1551 intestato,
569 1475 614 1539 ita
632 1474 732 1558 longe
755 1474 865 1538 minus
887 1484 1002 1539 contra
1022 1473 1153 1537 tabulas
1168 1475 1368 1538 testamenti

211 1580 254 1643 ad
279 1579 367 1643 bona
392 1579 462 1643 eius
488 1578 646 1653 admittit,
674 1578 752 1660 quia
779 1577 935 1642 desinunt
964 1578 998 1641 in
1024 1577 1202 1641 liberorum
1227 1598 1368 1642 numero

166 1691 199 1746 13
212 1704 293 1748 csse.
337 1682 553 1747 Admoncndi
572 1691 684 1746 tamen
707 1702 821 1746 sumus
844 1703 910 1757 eos,
931 1681 987 1764 qui
1009 1680 1042 1745 in
1061 1681 1221 1764 adoptiva
1240 1680 1370 1746 familia

212 1797 289 1852 sunt
304 1788 401 1870 quive
416 1797 493 1870 post
516 1796 657 1851 mortem
681 1786 837 1851 naturalis
860 1785 1006 1870 parentis
1028 1786 1071 1850 ab
1092 1786 1254 1869 adoptivo
1272 1797 1369 1869 patre

212 1891 409 1974 emancipati
426 1891 552 1966 fuerint,
569 1891 728 1955 intestato
746 1900 884 1973 parente
906 1889 1047 1955 naturali
1070 1899 1202 1954 mortuo
1223 1889 1305 1955 licet
1328 1911 1369 1954 ea

212 2005 308 2079 parte
331 1995 439 2069 edicti,
465 2015 531 2076 qua
557 1993 651 2057 liberi
673 1993 716 2057 ad
742 1994 906 2057 bonorum
933 1992 1176 2077 possessionem
1194 2002 1369 2070 vocantur,

213 2118 280 2162 non
300 2099 528 2175 admittantur,
542 2096 607 2161 alia
627 2105 742 2161 tamen
764 2108 859 2180 parte
872 2098 992 2173 vocari,
1015 2097 1049 2162 id
1072 2107 1123 2164 est
1144 2116 1212 2180 qua
1233 2096 1369 2180 cognati

213 2200 359 2266 defuncti
382 2210 551 2265 vocantur.
595 2222 639 2265 ex
666 2221 733 2283 qua
755 2210 850 2283 parte
876 2202 924 2265 ita
950 2201 1179 2278 admittuntur,
1205 2200 1233 2264 si
1260 2221 1370 2288 neque

213 2303 264 2367 sui
286 2303 424 2367 heredes
445 2303 540 2367 liberi
563 2324 670 2386 neque
693 2305 891 2388 emancipati
915 2304 1050 2369 obstent
1073 2324 1180 2387 neque
1201 2303 1370 2387 adgnatus

214 2407 350 2489 quidem
366 2407 451 2471 ullus
466 2407 679 2472 interveniat:
702 2418 780 2473 ante
796 2410 884 2473 enim
901 2420 1035 2492 praetor
1049 2408 1169 2473 liberos
1182 2419 1284 2473 vocat
1299 2418 1370 2474 tarn

215 2533 292 2575 suos
318 2511 456 2575 heredes
480 2532 581 2595 quam
607 2513 843 2597 emancipatos,
870 2514 991 2578 deinde
1021 2513 1188 2597 legitimos
1216 2512 1371 2591 heredes,

169 2625 201 2680 tt
216 2615 337 2680 deinde
352 2615 523 2698 proximos
538 2627 709 2699 cognatos.
756 2616 824 2682 Sed
841 2638 880 2681 ea
896 2619 1009 2682 omnia
1026 2616 1216 2701 antiquitati
1230 2617 1370 2699 quidem

215 2719 429 2802 placuerunt:
448 2704 612 2802 'aliquam
650 2729 763 2783 autem
801 2722 1069 2786 emendationem
1098 2741 1119 2784 a
1149 2729 1262 2785 nostra
1292 2740 1372 2785 con·

217 2823 388 2888 stitutione
403 2835 609 2908 acceperunt,
625 2846 726 2907 quam
742 2845 841 2907 super
855 2826 906 2889 his
922 2827 1068 2909 personis
1086 2825 1267 2909 posuimus,
1285 2844 1372 2908 quae

217 2948 237 2991 a
260 2928 408 3010 patribus
432 2930 498 2991 suis
522 2927 726 2991 naturalibus
753 2929 786 2991 in
810 2930 1025 3012 adoptionem
1052 2929 1124 2993 aliis
1147 2930 1277 2993 dantur.
1323 2930 1372 2991 in·

217 3032 366 3095 venimus
385 3033 508 3096 etenim
529 3031 705 3096 nonnullos
726 3053 829 3113 casus,
844 3035 876 3096 in
892 3034 1011 3116 quibus
1034 3033 1092 3097 filii
1112 3041 1146 3097 et
1168 3032 1372 3096 naturalium

218 3143 394 3217 parentum
424 3137 664 3201 successionem
702 3146 838 3221 propter
861 3138 1077 3221 adoptionem
1106 3136 1307 3201 amittebant
1339 3147 1373 3201 et

217 3238 399 3321 adoptione
413 3238 508 3305 facile
524 3260 583 3322 per
598 3240 895 3323 emancipationem
916 3242 1025 3306 soluta
1041 3241 1084 3305 ad
1106 3238 1252 3306 neutrius
1267 3240 1374 3322 patris

124 3412 132 3418 ‚
218 3341 458 3405 successionem
482 3343 694 3407 vocabantur.
747 3344 811 3409 hoc
833 3345 931 3408 solito
955 3365 1045 3408 more
1070 3345 1271 3427 corrigentes
1295 3363 1374 3407 con·

218 3445 423 3509 stitutionem
446 3446 642 3528 scripsimus,
659 3468 718 3530 per
737 3469 838 3531 quam
862 3447 1080 3523 definivimus,
1096 3445 1231 3530 quando
1253 3466 1375 3527 parens

218 3550 376 3614 naturalis
397 3550 501 3615 filium
524 3573 620 3616 suum
643 3554 870 3637 adoptandum
892 3552 948 3617 alii
963 3553 1101 3632 dederit,
1117 3554 1244 3636 integra
1258 3553 1375 3618 omnia

255 3816 270 3882 §
285 3817 329 3870 la.
350 3817 406 3872 See
420 3832 457 3870 on
471 3816 524 3871 Bk.
538 3816 566 3872 ii.
583 3831 621 3886 13.
636 3834 677 3887 pr.
691 3834 766 3888 supr.

256 3900 329 3966 §let
350 3901 406 3954 For
423 3900 471 3955 the
490 3900 579 3969 rights
598 3902 631 3956 of
646 3912 781 3971 cognates
800 3919 849 3957 see
865 3902 921 3957 Tit.
937 3915 949 3971 5
964 3902 1022 3956 and
1037 3911 1128 3969 notes,
1146 3899 1193 3956 inf.
1231 3901 1295 3956 The
1315 3900 1376 3957 rule

219 3983 287 4037 here
309 3983 402 4039 stated
424 3983 474 4038 did
497 3994 547 4040 not
569 3985 655 4056 apply
676 4002 748 4040 even
771 3986 867 4040 before
888 3984 1029 4055 Justinian
1053 3985 1077 4039 if
1094 3986 1143 4040 the
1164 3983 1248 4039 effect
1271 3985 1306 4039 of
1327 3985 1376 4041 the

220 4065 356 4136 adoption
372 4084 429 4121 was
445 4077 494 4122 not
512 4078 541 4122 to
558 4069 679 4123 transfer
695 4069 744 4125 the
761 4068 913 4139 adoptatus
926 4080 955 4123 to
969 4086 987 4123 a
998 4086 1060 4124 new
1074 4067 1204 4138 cognatic
1220 4067 1330 4138 family,
1343 4085 1376 4123 as

221 4166 276 4218 eg.
291 4150 384 4203 where
402 4150 439 4204 he
457 4167 515 4204 was
536 4151 662 4221 adopted
683 4151 722 4222 by
739 4169 757 4206 a
775 4152 903 4222 paternal
923 4151 1099 4207 ascendant:
1122 4151 1191 4205 here
1209 4150 1246 4204 he
1265 4150 1376 4207 ranked

221 4248 327 4301 among
339 4231 428 4301 liberi,
442 4233 508 4304 Dig.
521 4247 565 4302 37.
578 4249 604 4301 4.
618 4248 641 4304 3.
657 4247 672 4300 7
687 4235 743 4289 and
757 4236 773 4289 8
787 4255 795 4301 ;
814 4234 851 4290 ib.
865 4250 906 4290 21.
925 4250 945 4289 ι.
984 4236 1023 4289 So
1036 4245 1084 4290 too
1098 4234 1122 4289 if
1130 4251 1148 4288 a
1160 4232 1375 4303 paterfamilias,

222 4315 294 4370 after
305 4316 516 4386 emancipating
529 4334 546 4372 a
559 4334 619 4387 son,
629 4334 701 4388 gave
712 4318 829 4373 himself
838 4318 866 4373 in
880 4319 1056 4389 adrogation,
1067 4320 1178 4374 theson
1189 4316 1239 4371 did
1252 4327 1304 4373 not
1315 4318 1375 4375 lose

222 4397 267 4451 his
280 4397 353 4467 right
366 4399 399 4452 of
408 4400 578 4469 succeeding
592 4401 620 4455 in
634 4402 682 4457 the
697 4401 756 4457 first
771 4403 853 4471 class,
868 4402 934 4472 Dig.
948 4403 1001 4457 loc.
1015 4401 1061 4456 cit.
1075 4416 1100 4470 3.
1113 4416 1138 4471 9.
1272 4410 1275 4415 “

258 4480 333 4549 §14
355 4482 418 4538 The
437 4483 492 4538 SC.
511 4483 675 4540 Afinianum
696 4485 754 4539 had
773 4485 894 4542 enacted
912 4486 974 4542 that
993 4485 1018 4539 if
1032 4502 1049 4541 a
1067 4484 1160 4541 father
1177 4499 1251 4554 gave
1269 4498 1326 4539 one
1347 4480 1380 4539 of
