2986 5048
178 322 229 373 Tit.
244 317 279 384 n]
518 317 580 372 DE
600 317 753 372 RERUM
770 318 1002 375 DIVISIONE.
1266 328 1328 397 199

179 478 248 546 Sed
271 480 298 545 si
319 480 428 564 gregis
444 502 540 545 usum
555 480 697 545 fructum
714 480 787 564 quis
806 480 938 559 habeat,
955 482 988 546 in
1004 482 1113 547 locum
1136 483 1325 547 demortuo·
1339 499 1374 556 38

178 601 250 648 rum
281 586 427 667 capitum
458 607 502 650 ex
533 586 602 650 fetu
633 585 828 650 fructuarius
858 589 1065 652 summittere
1091 585 1201 665 debet,
1227 597 1266 652 ut
1292 598 1326 653 et

178 687 306 752 Iuliano
326 690 433 753 visum
454 699 513 769 est,
533 699 567 753 et
587 691 620 752 in
640 691 810 753 vinearum
835 691 1083 755 demortuarum
1097 691 1149 755 vel
1170 690 1325 755 arborum

176 790 285 857 locum
300 790 382 856 alias
395 793 496 858 debet
508 794 715 858 substituere.
746 803 834 858 recte
846 796 934 858 enim
947 794 1054 860 colere
1066 793 1167 859 debet
1181 804 1216 859 et
1231 794 1325 877 quasi

175 894 281 959 bonus
297 905 392 978 pater
409 897 549 961 familias
564 899 612 960 uti
628 898 739 962 debet.

218 997 417 1077 Thesauros,
434 1021 518 1083 quos
534 1002 608 1082 quis
623 1001 656 1063 in
672 1020 731 1065 suo
748 1000 821 1065 loco
837 1001 1005 1077 invenerit,
1020 1002 1116 1066 divus
1133 1001 1324 1065 Hadrianus
1338 1006 1374 1066 39

175 1101 359 1166 naturalem
371 1104 575 1185 aequitatem
587 1114 719 1171 secutus
735 1105 765 1168 ei
781 1105 941 1169 concessit
952 1107 1008 1188 qui
1021 1106 1190 1169 invenerit.
1219 1104 1326 1168 idem·

174 1224 239 1286 que
254 1207 379 1285 statuit,
395 1207 422 1269 si
446 1207 519 1289 quis
539 1208 572 1270 in
593 1227 685 1271 sacro
703 1217 762 1271 aut
780 1210 814 1272 in
837 1208 989 1292 religioso
1004 1208 1078 1273 loco
1094 1207 1230 1281 fortuito
1246 1228 1324 1273 casu

174 1308 344 1374 invenerit.
374 1312 452 1374 atsi
468 1312 541 1393 quis
558 1312 590 1374 in
607 1311 717 1377 alieno
734 1311 806 1376 loco
823 1331 888 1376 non
904 1312 983 1376 data
999 1313 1042 1377 ad
1058 1312 1121 1376 hoc
1139 1332 1249 1394 opera,
1263 1312 1324 1376 sed

173 1410 309 1476 fortuitu
333 1413 500 1492 invenerit,
516 1414 690 1478 dimidium
711 1416 848 1479 domino
871 1416 931 1479 soli
951 1416 1122 1479 concessit.
1152 1422 1187 1477 et
1206 1434 1323 1478 conve·

173 1515 308 1590 menter,
325 1517 352 1579 si
368 1517 441 1599 quis
457 1517 489 1580 in
506 1516 658 1581 Caesaris
674 1517 747 1582 loco
763 1519 932 1596 invenerit,
945 1518 1120 1582 dimidium
1136 1518 1324 1595 inventoris,

173 1618 348 1682 dimidium
366 1618 519 1684 Caesaris
535 1641 606 1687 esse
621 1622 747 1685 statuit.
778 1621 830 1685 cui
853 1622 1050 1685 conveniens
1067 1629 1126 1695 est,
1143 1629 1189 1697 ut,
1206 1620 1233 1685 si
1249 1622 1323 1703 quis

172 1721 205 1784 in
235 1722 368 1803 publico
398 1721 472 1786 loco
498 1725 551 1788 vel
581 1724 683 1789 fiscali
713 1727 883 1800 invenerit,
911 1724 1085 1789 dimidium
1112 1724 1213 1806 ipsius
1240 1745 1322 1799 esse,

171 1824 345 1888 dimidium
368 1826 437 1889 fisci
459 1826 512 1890 vel
535 1829 687 1892 civitatis.

216 1927 278 1991 Per
292 1929 504 1993 traditionem
521 1951 654 2013 quoque
669 1933 738 1995 iure
750 1932 891 1997 naturali
908 1952 959 1997 res
975 1932 1069 2003 nobis
1083 1931 1319 2013 adquiruntur:
1333 1935 1370 1990 40

171 2029 251 2093 nihil
267 2033 354 2095 enirn
370 2042 440 2097 tarn
456 2035 653 2098 conveniens
671 2044 723 2099 est
746 2035 887 2100 naturali
905 2036 1073 2118 aequitati,
1089 2054 1190 2117 quam
1205 2034 1320 2098 volun-

170 2143 274 2198 tatem
298 2136 432 2215 domini,
451 2136 593 2201 volentis
616 2160 685 2202 rem
709 2160 803 2203 suam
826 2141 859 2203 in
882 2139 983 2203 alium
1007 2138 1190 2213 transferre,
1214 2147 1321 2202 ratam

169 2237 293 2301 haberi.
324 2249 358 2303 et
381 2241 456 2303 ideo
479 2242 715 2325 cuiuscumque
737 2244 865 2325 generis
888 2245 930 2307 sit
954 2242 1131 2325 corporalis
1153 2262 1214 2318 res,
1231 2242 1318 2306 tradi

169 2351 280 2424 potest
293 2353 355 2407 eta
368 2344 504 2407 domino
516 2347 638 2410 tradita
649 2346 821 2411 alienatur.
844 2349 957 2430 itaque
966 2346 1179 2429 stipendiaria
1189 2366 1321 2429 quoque

168 2605 206 2675 by
219 2605 310 2660 which
330 2606 354 2660 is
373 2616 469 2661 meant
488 2608 536 2662 the
555 2619 650 2663 return
670 2609 754 2664 made
767 2610 810 2663 for
822 2611 871 2665 the
887 2627 937 2664 use
954 2609 988 2663 of
1002 2626 1020 2664 a
1035 2626 1081 2664 res
1094 2607 1204 2663 aliena:
1224 2606 1320 2677 ‘prae-

168 2689 277 2744 diorum
296 2689 467 2744 urbanorum
486 2691 638 2761 pensiones
657 2710 709 2762 pro
728 2692 864 2748 fructibus
883 2692 1074 2762 accipiuntur’
1094 2691 1161 2760 Dig.
1178 2706 1221 2745 22.
1237 2705 1258 2744 1.
1273 2690 1319 2758 36,

167 2772 331 2828 ‘mercedes
351 2774 435 2843 plane
449 2791 466 2828 a
480 2774 588 2829 colonis
601 2786 737 2845 acceptae
750 2777 813 2830 loco
826 2786 891 2831 sunt
904 2776 1044 2830 fructuum
1058 2793 1064 2829 :
1084 2791 1187 2844 operae
1206 2790 1320 2845 quoque

167 2873 312 2911 servorum
337 2856 365 2910 in
391 2856 492 2911 eadem
516 2866 596 2911 erunt
622 2875 717 2927 causa,
742 2875 799 2930 qua
823 2869 888 2914 sunt
913 2857 1084 2929 pensiones3
1111 2856 1180 2911 item
1204 2866 1320 2911 vectura

166 2939 281 2994 navium
294 2950 322 2995 et
335 2939 538 2995 iumentorum'
557 2940 624 3011 Dig.
636 2954 658 3010 5.
673 2934 755 3012 329,
769 2942 887 2998 ‘usurae
906 2942 998 2997 vicem
1015 2942 1157 2996 fructuum
1174 2938 1319 2995 obtinent’

168 3022 234 3092 Dig.
247 3037 290 3077 22.
308 3038 330 3078 1.
346 3038 390 3090 34.

203 3103 279 3176 §aa
300 3107 465 3160 Thesaurus
487 3104 511 3159 is
534 3104 648 3160 defined
672 3123 704 3160 as
729 3106 825 3162 ‘vetus
847 3107 988 3180 quaedam
1010 3105 1151 3178 depositio
1171 3104 1319 3176 pecuniae,

166 3189 246 3243 cuius
261 3206 320 3243 non
334 3199 409 3244 extat
422 3188 569 3258 memoria,
583 3199 613 3244 ut
626 3189 684 3244 iam
701 3189 848 3245 dominum
867 3208 925 3246 non
944 3192 1058 3260 habeat,
1070 3190 1112 3245 sic
1124 3188 1200 3244 enirn
1214 3189 1244 3243 fit
1256 3188 1318 3243 eius

166 3272 213 3344 qui
234 3272 380 3341 invenerit,
397 3272 474 3342 quod
493 3289 550 3326 non
572 3273 686 3327 alterius
707 3273 764 3328 sit:
787 3274 911 3346 alioquin
933 3274 957 3329 si
978 3274 1040 3347 quis
1059 3272 1166 3345 aliquid
1186 3273 1230 3327 vel
1248 3270 1317 3326 lucri

166 3372 260 3423 causa,
273 3357 317 3410 vel
336 3366 437 3424 metus,
451 3357 496 3411 vel
515 3356 662 3411 custodiae
676 3357 835 3413 condiderit
853 3359 906 3412 sub
925 3367 1008 3425 terra,
1021 3374 1078 3411 non
1096 3367 1141 3412 est
1159 3355 1317 3422 thesaurus,

165 3439 244 3494 cuius
257 3439 342 3494 etiam
355 3439 460 3493 furtum
473 3441 531 3494 est'
551 3439 615 3508 Dig.
630 3455 674 3506 41.
695 3455 715 3495 1.
730 3456 773 3509 31.
790 3456 811 3497 1.
850 3441 880 3495 If
887 3443 914 3495 A
928 3440 1015 3496 found
1034 3458 1052 3495 a
1069 3451 1195 3495 treasure
1214 3456 1251 3493 on
1271 3440 1317 3492 B’s

165 3523 232 3577 land
245 3522 393 3578 otherwise
411 3523 479 3577 than
499 3524 537 3592 by
549 3523 680 3579 accident
699 3524 720 3579 it
740 3523 881 3594 belonged
900 3526 1058 3593 altogether
1070 3534 1100 3578 to
1114 3526 1147 3578 B.
1186 3524 1211 3577 lt
1225 3520 1317 3576 would

165 3622 243 3661 seem
263 3606 323 3661 that
344 3607 393 3661 the
414 3606 534 3676 English
559 3608 627 3675 rule,
647 3607 738 3661 which
757 3618 834 3662 vests
857 3618 1073 3662 treasure-trove
1096 3606 1124 3660 in
1146 3606 1194 3661 the
1216 3607 1316 3660 Crown

166 3690 193 3758 (3
209 3691 278 3744 lnst.
296 3688 365 3757 132),
378 3707 435 3743 was
448 3689 623 3745 established
641 3691 703 3744 also
721 3700 750 3744 at
769 3693 861 3745 Rome
874 3700 903 3745 at
916 3708 996 3745 some
1009 3690 1077 3745 time
1090 3690 1161 3745 after
1174 3690 1221 3744 the
1234 3688 1317 3759 legis·

164 3771 252 3826 lation
265 3772 298 3826 of
308 3773 437 3826 Hadrian
451 3773 574 3828 referred
587 3784 616 3828 to
629 3772 658 3827 in
672 3774 720 3828 the
733 3783 792 3828 text
807 3774 861 3841 (for
875 3773 967 3828 which
985 3773 1021 3828 cf.
1035 3773 1210 3843 Spartianus,
1225 3771 1315 3826 Hadr.

168 3854 230 3922 18);
249 3857 313 3910 thus
331 3855 352 3909 it
370 3855 394 3910 is
411 3855 576 3910 mentioned
595 3873 627 3909 as
646 3872 664 3910 a
682 3855 789 3925 special
808 3865 854 3910 act
872 3857 906 3910 of
920 3872 1005 3926 grace
1022 3873 1060 3910 on
1078 3856 1125 3910 the
1138 3864 1201 3925 part
1220 3855 1253 3908 of
1267 3855 1316 3908 the

165 3940 305 4008 Emperor
325 3939 487 3993 Alexander
508 3939 568 3994 that
594 3939 631 3994 he
655 3938 808 4009 pennitted
831 3939 980 3993 thesaurus
1003 3948 1032 3993 to
1054 3938 1090 3992 be
1115 3938 1183 4006 lrept
1207 3935 1246 4005 by
1266 3938 1316 3992 the

165 4022 262 4078 findet.
301 4023 432 4092 Possibly
444 4023 465 4077 it
478 4040 535 4076 was
549 4022 596 4077 the
610 4024 806 4077 concealment
819 4022 852 4077 ol
860 4023 930 4077 such
951 4020 1122 4077 discoveries
1135 4020 1226 4074 which
1240 4030 1315 4075 must

165 4106 237 4160 have
255 4106 380 4161 resulted
393 4107 465 4160 from
478 4106 535 4160 this
548 4105 682 4176 privilege
702 4106 735 4159 of
749 4106 798 4161 the
817 4106 901 4160 fiscus
915 4106 976 4160 that
995 4104 1041 4160 led
1056 4116 1086 4160 to
1106 4102 1315 4159 Constantine’s

163 4191 278 4258 general
288 4199 451 4245 enactment
463 4189 547 4259 (Cod.
557 4190 665 4244 Theod.
678 4205 718 4244 10.
732 4190 772 4244 18.
784 4192 810 4258 ι)
821 4189 979 4259 rewarding
989 4189 1036 4243 the
1045 4188 1136 4243 finder
1144 4187 1210 4242 with
1219 4204 1237 4241 a
1247 4186 1314 4242 half.

167 4273 319 4327 Hadrian's
332 4275 392 4328 rule
405 4290 462 4327 was
476 4272 692 4328 re-established
704 4273 743 4343 by
754 4275 820 4342 Leo,
834 4274 929 4329 whose
942 4272 1124 4327 constitution
1137 4270 1241 4343 passed
1254 4269 1315 4325 into

164 4357 212 4411 the
224 4356 383 4426 legislation
397 4357 430 4411 of
436 4356 586 4426 Justinian,
601 4357 671 4411 Cod.
687 4372 726 4411 10.
744 4369 784 4427 15.

200 4435 280 4509 540.
298 4442 325 4495 Α
347 4440 408 4495 fifth
431 4440 541 4495 natural
562 4439 647 4496 mode
669 4440 702 4494 of
717 4439 887 4512 acquisition
908 4440 933 4497 is
953 4438 1076 4510 traditio,
1097 4440 1167 4495 bare
1188 4438 1314 4509 delivery
