2986 5048
165 368 215 419 τὴ,
224 361 259 430 7.]
271 360 385 434 QUOD
395 359 419 417 C
423 361 488 417 ΠΜ
491 359 547 417 EO
558 359 636 432 QUI
640 359 692 416 IN
696 358 861 418 AL'IENA
871 361 956 419 Por
954 363 1064 419 ESTA
1072 364 1172 434 rm
1175 366 1201 421 T
1200 364 1232 424 C.
1247 366 1310 442 557

166 525 291 590 tionem
321 524 562 601 accommodat,
586 545 673 608 quae
694 525 869 592 tributoria
886 526 1092 610 appellatur,
1139 528 1344 598 Praeterea4

166 627 353 693 introducta
368 640 419 695 est
432 630 521 693 actio
535 630 579 694 de
598 629 728 712 peculio
749 629 857 713 deque
877 651 927 710 eo,
942 634 1032 714 quod
1053 634 1086 695 in
1102 654 1171 697 rem
1188 632 1314 698 domini

166 753 297 796 versum
327 733 397 811 erit,
429 743 477 808 ut,
507 732 656 815 quamvis
685 732 757 798 sine
784 732 954 799 voluntate
987 735 1113 800 domini
1144 736 1315 820 negotium

166 846 297 918 gestum
324 836 394 910 erit,
419 845 531 901 tamen
557 836 626 899 sive
649 837 728 918 quid
754 838 786 900 in
811 858 881 902 rem
905 839 975 902 eius
996 860 1128 904 versum
1151 839 1258 915 suerit,
1281 839 1315 904 id

167 947 276 1003 totum
291 949 458 1021 praestare
473 940 602 1018 debeat,
617 940 686 1004 sive
701 940 779 1023 quid
800 962 866 1005 non
883 943 926 1006 sit
945 942 978 1005 in
996 962 1068 1029 gem
1091 945 1160 1007 eius
1173 962 1316 1018 versum,

167 1043 201 1107 id
224 1053 361 1108 eatenus
383 1053 551 1124 praestare
572 1043 703 1122 debeat,
724 1055 887 1127 quatenus
909 1044 1074 1128 peculium
1097 1047 1231 1128 patitur.
1278 1046 1318 1111 ln

169 1166 239 1209 rem
266 1156 379 1211 autem
405 1146 531 1212 domini
555 1167 686 1210 versum
712 1147 922 1230 intellegitur,
946 1149 1106 1231 quidquid
1134 1150 1319 1213 necessario

169 1248 203 1312 in
225 1269 295 1313 rem
320 1250 390 1314 eius
412 1248 611 1331 impenderit
633 1271 754 1330 servus,
775 1250 877 1316 veluti
900 1251 927 1314 si
951 1262 1121 1316 mutuatus
1144 1254 1318 1335 pecuniam

169 1352 383 1417 creditoribus
414 1353 485 1418 eius
515 1352 647 1419 solverit
676 1364 734 1418 aut
761 1354 912 1419 aedificia
947 1355 1076 1419 ruentia
1105 1355 1231 1420 fulserit
1261 1365 1320 1419 aut

168 1456 313 1520 familiae
334 1455 535 1521 frumentum
558 1456 675 1521 emerit
697 1457 751 1521 vel
775 1457 876 1522 etiam
899 1457 1037 1522 fundum
1053 1468 1111 1523 aut
1135 1458 1320 1541 quamlibet

169 1560 268 1624 aliam
286 1579 354 1624 rern
370 1562 585 1625 necessariam
602 1571 764 1625 mercatus
779 1562 849 1626 erit.
895 1561 1014 1643 Itaque
1032 1563 1059 1624 si
1079 1583 1124 1626 ex
1146 1563 1263 1626 decern
1281 1569 1320 1626 ut

171 1674 253 1744 puta
268 1663 382 1741 aureis,
397 1684 480 1746 quos
499 1684 611 1728 servus
626 1673 703 1728 tuus
718 1685 739 1728 a
754 1664 846 1728 Titio
862 1675 994 1730 mutuos
1013 1665 1150 1747 accepit,
1167 1664 1319 1730 creditori

172 1776 231 1830 tuo
257 1766 401 1848 quinque
425 1787 540 1831 aureos
564 1767 706 1846 solverit,
732 1767 875 1849 reliquos
901 1788 979 1832 vero
1005 1769 1150 1852 quinque
1172 1767 1321 1850 quolibet

172 1871 273 1933 modo
293 1871 540 1952 consumpserit,
555 1890 616 1952 pro
634 1872 779 1953 quinque
798 1869 932 1953 quidem
954 1872 986 1934 in
1007 1871 1149 1936 solidum
1170 1869 1320 1936 damnari

172 1974 284 2050 debes,
299 1993 359 2055 pro
382 1972 498 2037 ceteris
519 1994 598 2039 vero
620 1975 767 2056 quinque
789 1984 934 2052 eatenus,
951 1984 1113 2055 quatenus
1136 1976 1170 2039 in
1190 1973 1321 2057 peculio

172 2077 235 2140 sit:
259 2097 302 2141 ex
323 2097 389 2159 quo
410 2076 533 2141 scilicet
553 2085 701 2160 apparet,
716 2076 743 2141 si
764 2077 827 2141 toti
842 2078 958 2141 decem
976 2078 1066 2141 aurei
1087 2079 1120 2140 in
1142 2097 1211 2142 rem
1228 2086 1321 2140 tuam

172 2181 257 2244 versi
273 2179 400 2257 luerint,
417 2189 506 2244 totos
521 2181 637 2245 decem
652 2201 769 2245 aureos
787 2180 912 2245 Titium
929 2181 1084 2265 consequi
1099 2201 1206 2264 posse.
1243 2181 1322 2247 licet

175 2284 262 2348 enim
286 2304 350 2348 una
374 2293 425 2348 est
447 2285 542 2360 actio,
566 2305 633 2367 qua
658 2283 702 2349 de
724 2283 853 2367 peculio
879 2285 987 2367 deque
1011 2304 1052 2348 eo
1078 2286 1167 2366 quod
1195 2286 1228 2348 in
1253 2304 1322 2348 rem

174 2387 301 2452 domini
320 2408 450 2451 versum
470 2386 512 2451 sit
532 2388 648 2470 agitur,
664 2397 776 2451 tamen
797 2389 880 2453 duas
897 2386 1000 2452 habet
1018 2386 1323 2452 condemnationes.

174 2491 288 2573 itaque
308 2489 418 2566 iudex,
434 2491 523 2574 apud
538 2511 638 2574 quem
659 2492 702 2554 de
722 2512 762 2555 ea
783 2490 914 2556 actione
931 2490 1047 2576 agitur,
1064 2502 1143 2556 ante
1163 2492 1324 2573 dispicere

176 2594 269 2672 solet,
295 2614 337 2657 an
363 2595 396 2656 in
426 2615 496 2658 rem
521 2594 648 2659 domini
677 2615 808 2659 versum
837 2595 891 2669 sit,
918 2613 978 2659 nec
1007 2593 1103 2659 aliter
1131 2595 1174 2659 ad
1205 2593 1324 2677 peculii

175 2697 438 2762 aestimationem
454 2697 580 2774 transit,
596 2718 696 2779 quarn
712 2697 739 2761 si
753 2708 812 2761 aut
827 2696 907 2761 nihil
923 2698 956 2761 in
968 2717 1037 2760 rem
1054 2697 1179 2760 domini
1193 2717 1324 2763 versum

176 2800 388 2883 intellegatur
402 2812 460 2867 aut
480 2821 547 2864 non
566 2810 686 2864 totum.
733 2799 818 2864 Cum
839 2810 950 2864 autem
971 2800 1146 2882 quaeritur,
1162 2809 1324 2882 quantum

176 2903 209 2966 in
232 2902 362 2986 peculio
384 2904 435 2982 sit,
458 2913 536 2967 ante
553 2903 735 2975 deducitur,
754 2902 914 2986 quidquid
938 2924 1049 2967 servus
1071 2902 1207 2967 domino
1225 2903 1323 2986 quive

177 3006 211 3070 in
227 3016 392 3089 potestate
408 3007 476 3071 eius
491 3007 533 3072 sit
545 3007 654 3085 debet,
666 3016 700 3070 et
715 3009 804 3089 quod
821 3015 979 3089 superest,
991 3007 1024 3070 id
1037 3006 1143 3070 solum
1159 3005 1324 3088 peculium

178 3109 387 3193 intellegitur.
432 3110 612 3194 aliquando
626 3121 738 3175 tamen
755 3111 797 3188 id,
812 3111 902 3193 quod
919 3110 948 3174 ei
964 3111 1065 3175 debet
1081 3131 1202 3187 servus,
1219 3111 1326 3192 quiin

178 3222 344 3295 potestate
364 3215 490 3279 domini
508 3216 559 3292 sit,
575 3235 640 3278 non
658 3215 833 3278 deducitur
851 3235 896 3278 ex
916 3214 1053 3296 peculio,
1068 3213 1171 3277 veluti
1195 3213 1221 3275 si
1243 3213 1270 3275 is
1291 3213 1325 3275 in

178 3315 274 3379 huius
295 3316 396 3397 ipsius
416 3317 546 3398 peculio
566 3319 617 3382 sit.
663 3319 752 3399 quod
773 3339 813 3382 eo
833 3317 984 3400 pertinet,
999 3326 1045 3395 ut,
1061 3317 1087 3379 si
1106 3316 1185 3398 quid
1206 3316 1327 3379 vicario

179 3439 238 3482 suo
265 3438 377 3482 servus
401 3420 530 3497 debeat,
556 3421 589 3485 id
614 3443 658 3485 ex
682 3422 812 3504 peculio
838 3422 907 3486 eius
931 3440 998 3484 non
1020 3421 1214 3485 deducatur.

216 3654 230 3726 ξ
244 3658 274 3709 4.
295 3654 428 3710 Hitherto
439 3672 482 3710 we
494 3656 566 3711 have
578 3656 637 3711 had
648 3666 679 3712 to
691 3656 824 3712 consider
839 3657 906 3727 only
918 3666 1060 3713 eontracts
1073 3655 1157 3711 made
1169 3655 1208 3725 by
1220 3671 1238 3709 a
1250 3655 1328 3710 slave

180 3740 247 3794 with
267 3738 311 3794 his
330 3741 458 3794 masters
476 3739 643 3810 knowledge
665 3757 697 3794 or
721 3757 793 3796 even
812 3740 851 3810 by
871 3741 917 3795 his
936 3757 1051 3810 express
1073 3737 1234 3808 authority;
1252 3753 1329 3808 upon

181 3823 280 3892 which,
293 3823 336 3876 ior
347 3824 409 3878 that
422 3839 489 3892 very
500 3838 611 3892 reason,
624 3823 673 3878 the
691 3833 799 3879 master
812 3840 871 3878 was
888 3823 956 3877 held
972 3822 1057 3877 liable
1070 3822 1099 3876 in
1112 3822 1243 3888 solidum,
1256 3838 1288 3875 or
1300 3830 1329 3876 at

180 3923 237 3976 any
249 3917 309 3962 rate
321 3923 379 3960 was
392 3904 578 3976 compellable
596 3916 626 3960 to
644 3922 701 3976 pay
712 3924 751 3977 up
769 3915 800 3961 to
818 3922 836 3960 a
854 3905 961 3961 certain
980 3905 1060 3972 limit,
1075 3905 1192 3960 without
1208 3903 1253 3958 his
1267 3920 1329 3958 own

181 3990 280 4044 claims
292 3989 427 4059 enjoying
438 4007 494 4058 any
507 3988 623 4059 priority
635 4006 703 4044 over
714 3991 797 4044 those
809 3989 842 4044 os
850 3988 984 4057 ordinary
992 3989 1073 4044 trade
1086 3986 1231 4042 creditors.
1259 3986 1330 4042 This

181 4073 289 4127 section
309 4073 388 4127 deals
406 4072 473 4125 with
492 4071 535 4125 his
554 4071 673 4142 liahiliry
684 4089 722 4127 on
741 4082 816 4127 most
828 4072 861 4127 os
875 4073 924 4126 the
942 4073 1042 4126 slave’s
1059 4071 1141 4125 other
1153 4080 1331 4125 contracte-

183 4156 265 4209 those
279 4155 370 4208 which
388 4155 425 4209 he
442 4152 528 4209 made
545 4152 662 4209 without
680 4154 730 4210 the
748 4155 875 4209 master’s
892 4153 1068 4223 knowledge,
1081 4170 1114 4208 or
1131 4169 1201 4207 even
1219 4152 1331 4222 against

182 4237 227 4292 his
236 4238 334 4292 orders
345 4238 363 4306 (¹
371 4237 482 4293 etiamsi
490 4237 664 4308 prohibuerit
678 4237 805 4293 contrahi
818 4254 883 4291 cum
901 4254 982 4292 servo
999 4235 1140 4304 dominus,
1150 4235 1202 4290 erit
1220 4234 1249 4289 in
1266 4251 1331 4290 eum

183 4322 219 4376 de
238 4321 349 4392 peculio
367 4322 457 4377 actio’
471 4321 537 4391 Dig.
554 4333 593 4390 15.
610 4336 632 4375 1.
645 4336 687 4390 ²9·
704 4320 738 4389 1),
750 4321 800 4376 but
819 4330 869 4376 not
887 4337 963 4391 upon
986 4319 1156 4391 obligations
1173 4317 1280 4388 arising
1297 4334 1333 4373 ex

184 4405 256 4460 servi
270 4403 375 4460 delicto
388 4404 467 4476 (Dig.
480 4404 516 4459 ib.
527 4419 552 4473 3.
566 4404 617 4475 11),
631 4421 664 4458 or
674 4404 747 4458 from
760 4413 902 4459 eontracts
915 4402 1007 4458 which
1020 4420 1092 4458 were
1105 4402 1211 4471 merely
1223 4400 1289 4471 gists
1302 4409 1333 4455 to

183 4489 232 4543 the
245 4489 326 4544 other
338 4498 428 4559 party,
442 4487 507 4559 Dig.
522 4501 565 4558 39.
580 4500 602 4557 5.
617 4501 642 4558 7,
655 4504 688 4543 or
698 4487 771 4543 from
789 4487 872 4543 those
889 4486 982 4542 which
1001 4503 1020 4542 a
1037 4485 1233 4541 filiusfamilias
1247 4482 1334 4541 made
