2986 5048
221 336 282 400 168
427 343 775 401 INSTITUTIONUM
793 343 912 400 LIBRI
931 343 1168 417 QUATTUOR.
1271 347 1335 413 [Lib.
1348 352 1368 402 1.

218 509 426 596 grammatici
443 509 589 574 rhetores
608 519 642 574 et
661 509 780 574 medici
796 519 829 575 et
845 509 901 593 qui
917 509 950 574 in
965 511 1073 594 patria
1088 531 1146 574 sua
1162 509 1195 574 id
1212 521 1369 576 exercent

220 624 255 680 et
269 615 356 680 intra
372 634 546 677 numerum
561 622 647 690 sunt,
663 635 683 678 a
699 613 804 678 tutela
818 614 872 678 vel
887 634 964 679 cura
980 615 1105 679 habent
1119 616 1338 679 vacationem.

172 722 207 780 16
263 718 330 802 Qui
351 728 463 783 autem
483 737 519 780 se
539 716 612 781 vult
633 738 800 796 excusare,
815 719 843 782 si
864 719 974 803 plures
994 719 1115 782 habeat
1138 720 1370 783 excusationes

218 832 254 888 et
275 825 318 889 de
341 822 539 904 quibusdam
562 842 629 885 non
652 823 847 905 probaverit,
863 822 935 887 aliis
954 823 1001 887 uti
1022 825 1107 887 intra
1126 833 1279 905 tempora
1302 842 1369 887 non

217 927 420 1012 prohibetur.
458 926 514 1008 qui
537 946 697 990 excusare
712 948 748 991 se
762 928 887 1006 volunt,
903 948 969 991 non
987 927 1177 1011 appellant:
1200 926 1259 990 sed
1283 927 1370 990 intra

219 1033 291 1098 dies
306 1031 546 1114 quinquaginta
568 1031 749 1106 continuos,
767 1053 810 1094 ex
826 1052 892 1113 quo
907 1042 1142 1114 cognoverunt,
1158 1052 1318 1095 excusare
1334 1053 1370 1096 se

219 1136 344 1201 debent
360 1133 609 1222 (cuiuscumque
631 1136 760 1218 generis
775 1146 861 1210 sunt,
878 1135 912 1199 id
929 1145 980 1200 est
995 1135 1278 1218 qualitercumque
1299 1136 1370 1201 dati

219 1240 340 1305 fuerint
361 1236 509 1325 tutores),
526 1240 553 1302 si
569 1241 654 1304 intra
669 1241 885 1304 centesimum
902 1239 1048 1322 lapidem
1064 1250 1141 1304 sunt
1161 1240 1204 1303 ab
1225 1260 1266 1303 eo
1285 1239 1370 1316 loco,

220 1345 276 1410 ubi
291 1354 417 1411 tutores
429 1346 498 1409 dati
514 1354 609 1410 sunt:
633 1345 749 1409 sivero
762 1344 848 1408 ultra
863 1346 1081 1410 centesimum
1096 1346 1257 1421 habitant,
1275 1345 1372 1410 dinu-

220 1451 402 1515 meratione
419 1449 507 1514 facta
523 1450 640 1533 viginti
656 1449 796 1513 millium
812 1451 1003 1514 diurnorum
1022 1459 1055 1514 et
1076 1449 1218 1532 amplius
1234 1451 1372 1532 triginta

219 1555 356 1621 dierum.
400 1554 490 1638 quod
513 1563 636 1632 tamen,
652 1563 690 1618 ut
706 1553 868 1619 Scaevola
886 1555 1027 1632 dicebat,
1043 1554 1089 1617 sic
1112 1554 1213 1618 debet
1233 1573 1371 1637 compu-

218 1788 329 1862 possint
339 1799 388 1844 aut
396 1788 490 1845 dicere
500 1798 549 1844 aut
562 1787 811 1860 scribereproprie
819 1797 967 1858 poetarum
977 1788 1156 1859 interpretes’
1167 1788 1371 1857 (Com.Nepos

220 1874 297 1946 apud
322 1875 400 1930 Suet.
425 1872 460 1928 de
486 1873 523 1929 ill.
542 1890 660 1943 gramm.
680 1871 719 1940 4),
745 1871 947 1942 ‘grammatica
970 1872 1109 1943 professio
1133 1883 1210 1927 recte
1235 1870 1371 1942 loquendi

220 1955 340 2012 scientia
354 1967 382 2011 et
402 1967 550 2027 poetarum
569 1956 725 2011 enarratio'
748 1956 865 2026 Quintil.
885 1958 953 2011 Inst.
973 1974 1013 2010 or.
1035 1972 1057 2012 1.
1076 1971 1101 2023 4
1123 1974 1147 2024 a,
1168 1954 1372 2025 ‘grammatica

220 2040 297 2096 circa
309 2057 405 2095 curam
419 2040 556 2095 sermonis
566 2052 702 2106 versatur,
712 2040 788 2094 circa
800 2039 941 2109 historias,
951 2039 1027 2094 circa
1039 2039 1180 2094 carmina’
1194 2041 1312 2107 Seneca,
1326 2055 1371 2109 ep.

220 2125 264 2180 88.
278 2139 302 2180 2.
339 2125 401 2179 Τὴε
419 2124 581 2178 ‘numerus’
598 2141 656 2178 was
675 2123 851 2179 deterrnined
870 2124 908 2193 by
926 2125 976 2178 the
994 2123 1048 2178 size
1067 2124 1100 2177 oi
1113 2124 1162 2178 the
1181 2134 1265 2190 town,
1278 2122 1336 2177 and
1354 2140 1373 2177 a

219 2206 430 2277 grammaticus,
443 2207 600 2277 physician,
619 2225 651 2261 or
668 2206 847 2275 rhetorician,
860 2224 918 2262 was
936 2206 1075 2262 admitted
1094 2205 1153 2261 into
1172 2205 1193 2260 it
1211 2206 1250 2275 by
1268 2206 1372 2275 magis-

220 2289 300 2346 terial
313 2290 432 2346 decree:
452 2289 511 2346 ‘est
524 2302 619 2346 autem
632 2290 719 2346 etiam
732 2308 866 2346 numerus
885 2290 1017 2345 definitus
1031 2307 1136 2358 eorum,
1150 2288 1197 2361 qui
1212 2289 1240 2343 in
1255 2288 1372 2359 singulis

220 2373 381 2430 civitatibus
402 2374 610 2431 immunitatem
629 2375 761 2443 habeant,
780 2385 808 2430 et
831 2374 1014 2429 condiciones
1035 2373 1175 2445 quaedam
1192 2373 1321 2429 adiectae
1344 2373 1373 2428 iu

220 2458 303 2526 lege:
323 2457 399 2528 quod
413 2457 576 2528 intelligitur
593 2476 628 2514 ex
646 2458 767 2530 epistola
779 2457 916 2513 Antonini
930 2474 1003 2528 quae
1021 2458 1089 2512 data
1105 2467 1147 2512 est
1167 2457 1204 2511 ad
1221 2474 1373 2513 commune

220 2539 316 2609 Asiae,
330 2541 381 2597 sed
394 2541 514 2612 pertinet
531 2542 569 2597 ad
587 2543 686 2598 orbem
699 2542 869 2612 universum,
883 2541 962 2597 cuius
975 2551 1019 2596 est
1032 2552 1116 2612 caput
1130 2541 1352 2611 infrascriptum
1366 2560 1373 2598 ε

220 2624 350 2680 civitates
363 2625 487 2681 minores
500 2637 619 2697 possunt
632 2627 738 2682 habere
757 2627 898 2681 immunes
911 2625 1038 2680 medicos
1051 2624 1175 2695 quinque
1188 2635 1216 2679 et
1229 2623 1373 2695 sophistas

218 2718 277 2764 tres
296 2710 454 2780 eodemque
467 2727 585 2765 numero
602 2709 822 2780 grammaticos:
841 2709 964 2764 maiores
977 2707 1105 2763 civitates
1119 2718 1228 2778 septem
1248 2707 1295 2778 qui
1315 2725 1373 2762 me-

219 2792 348 2862 deantur,
382 2802 514 2863 quattuor
539 2793 690 2865 sophistas,
716 2803 847 2865 quattuor
872 2791 919 2864 qui
947 2791 1068 2846 doceant
1093 2791 1188 2846 literas
1221 2801 1372 2861 utrasque:

219 2874 361 2930 maximae
380 2893 447 2930 vero
466 2876 593 2933 medicos
612 2877 760 2933 decernet
779 2878 906 2932 rhetores
929 2876 1053 2947 quinque
1078 2875 1236 2946 eodemque
1255 2891 1374 2929 numero

220 2958 431 3028 grammaticos,
454 2977 539 3030 super
559 2961 633 3016 hunc
653 2971 749 3016 autem
769 2977 918 3015 numerum
938 2977 974 3014 ne
996 2958 1121 3014 maxima
1139 2958 1254 3029 quidem
1274 2957 1373 3013 civitas

221 3040 429 3097 immunitatem
442 3044 567 3099 coniert’
580 3045 645 3116 Dig.
660 3059 703 3111 27.
719 3059 740 3099 1.
754 3045 780 3099 6.
793 3059 854 3112 2-3.

258 3122 400 3195 §16.So‚
422 3136 480 3196 too,
503 3126 611 3197 Ulpian
632 3145 698 3197 says
720 3128 749 3182 in
769 3127 837 3197 Dig.
854 3142 898 3197 49.
917 3142 941 3194 4
965 3142 988 3182 r.
1009 3140 1022 3197 5
1049 3126 1090 3181 ‘si
1112 3125 1175 3197 quis
1195 3136 1270 3181 tutor
1290 3111 1374 3181 datus

220 3207 303 3263 luerit
316 3210 360 3264 vel
373 3219 545 3265 testamento
557 3213 601 3265 vel
614 3228 632 3265 a
644 3228 700 3282 quo
713 3210 769 3266 alio
781 3211 829 3282 qui
842 3211 886 3266 ius
900 3211 988 3265 dandi
1001 3211 1096 3279 habet,
1108 3228 1165 3264 non
1185 3219 1295 3280 oportet
1307 3226 1374 3264 eum

221 3307 397 3362 provocare;
416 3293 470 3348 hoc
483 3292 559 3348 enim
579 3294 660 3349 divus
681 3297 796 3349 Marcus
816 3294 928 3350 effecit:
947 3295 998 3350 sed
1017 3294 1091 3349 intra
1109 3305 1239 3364 tempora
1256 3291 1374 3364 praesti·

221 3384 284 3431 tuta
307 3377 519 3432 excusationem
543 3379 723 3448 allegandam
745 3379 841 3448 habet,
861 3387 889 3434 et
911 3378 934 3433 si
957 3377 1039 3433 suerit
1059 3378 1149 3448 pulsa,
1169 3389 1236 3431 tunc
1257 3377 1374 3430 demum

222 3458 365 3528 appellare
386 3461 511 3530 debebit,
528 3470 671 3517 caeterum
693 3473 759 3517 ante
781 3462 884 3517 frustra
903 3463 1077 3533 appellatur?
1115 3463 1140 3517 It
1162 3471 1238 3515 must
1262 3470 1312 3515 not
1337 3460 1375 3515 be

223 3539 347 3597 inserred
359 3543 431 3598 from
445 3544 562 3599 ‘datus'
574 3545 602 3599 in
612 3545 668 3600 this
679 3563 809 3617 passage,
819 3563 852 3600 or
859 3546 931 3600 from
945 3545 990 3600 ‘id
1003 3556 1055 3613 est,
1069 3545 1301 3615 qualitercunque
1313 3542 1374 3598 dati

221 3623 339 3679 luerint¹
352 3626 380 3680 in
393 3627 441 3682 the
454 3636 521 3696 text,
529 3629 590 3683 that
603 3629 652 3683 the
665 3629 841 3699 exemptions
849 3629 899 3683 did
909 3639 958 3684 not
971 3629 1074 3684 extend
1088 3640 1117 3683 to
1130 3638 1237 3682 tutores
1247 3625 1372 3696 legitimi.

222 3709 399 3779 Theophilus
422 3710 550 3781 explains
571 3712 781 3781 τεσταμεντάριοι
794 3751 801 3766 .
815 3751 822 3766 .
836 3713 964 3784 λεγίτιμοι
976 3751 1005 3767 ..
1023 3712 1073 3767 ὑπὸ
1091 3711 1218 3782 ἄρχοντος
1236 3711 1374 3777 διδόμενοι.

223 3793 281 3846 For
298 3793 347 3848 the
366 3793 434 3849 time
448 3794 544 3849 within
557 3794 650 3850 which
669 3797 717 3850 the
736 3813 839 3852 excuse
857 3807 933 3851 must
945 3797 981 3850 be
995 3796 1102 3868 proved
1114 3795 1150 3851 ci.
1164 3793 1230 3864 Dig.
1244 3807 1286 3860 27.
1303 3809 1324 3847 1.
1340 3794 1373 3861 38

222 3875 444 3947 ‘quinquaginta
468 3877 578 3933 dierum
603 3879 726 3949 spatium
751 3881 949 3935 tantummodo
971 3880 1008 3935 ad
1030 3878 1232 3935 contestandus
1258 3893 1374 3933 excusa·

222 3958 332 4015 tionum
351 3977 451 4016 causas
477 3961 617 4033 pertinet:
642 3964 805 4034 peragendo
823 3963 900 4020 enim
919 3956 1038 4035 negotio
1051 3981 1087 4019 ex
1105 3962 1152 4018 die
1170 3960 1374 4017 nominationis

221 4041 347 4098 continui
361 4054 493 4115 quattuor
505 4062 618 4101 menses
631 4045 775 4102 constituti
788 4049 870 4102 sunt’

259 4126 379 4183 Besides
397 4129 445 4182 the
463 4129 569 4184 classes
588 4129 621 4184 ot'
635 4147 754 4201 persons
773 4129 937 4186 mentioned
955 4130 983 4185 in
1000 4130 1057 4186 this
1074 4130 1157 4200 Title,
1170 4130 1219 4184 the
1231 4126 1374 4198 following

222 4209 307 4263 could
320 4209 404 4265 claim
414 4211 574 4282 exemption
587 4232 594 4268 ι
614 4213 652 4283 (1)
667 4213 801 4284 Spiritual
814 4232 932 4286 persons
946 4216 1009 4269 who
1022 4232 1094 4270 were
1106 4225 1156 4269 not
1169 4212 1285 4281 already
1297 4210 1374 4267 inca·

222 4291 367 4362 pacitated
388 4293 515 4366 (bishops
535 4296 592 4351 and
609 4297 721 4366 monks,
739 4299 814 4353 Nou.
833 4312 892 4367 1²3·
911 4298 936 4368 5)
958 4300 1028 4354 Cod.
1047 4313 1069 4354 1.
1089 4313 1114 4369 3.
1135 4311 1177 4368 52.
1214 4296 1252 4366 (2)
1271 4293 1374 4365 Jurists

224 4376 288 4429 who
313 4376 454 4447 belonged
475 4388 505 4433 to
526 4379 577 4437 the
596 4382 748 4451 emperor's
770 4381 928 4451 consilium,
950 4382 1016 4453 Dig.
1034 4396 1077 4449 27.
1097 4398 1121 4438 1.
1136 4398 1191 4451 303
1214 4393 1279 4448 44.
1295 4392 1334 4432 11.
1348 4391 1374 4433 2.

226 4457 265 4529 (3)
286 4459 408 4516 Persous
429 4472 479 4518 not
499 4461 652 4521 domiciled
672 4463 701 4520 iu
722 4464 771 4521 the
790 4466 872 4536 place
894 4466 987 4522 where
1008 4465 1081 4523 their
1099 4466 1213 4524 tutorial
1231 4465 1374 4522 fonctions
