<?xml version="1.0" encoding="UTF-8"?>
<!DOCTYPE html PUBLIC "-//W3C//DTD XHTML 1.0 Transitional//EN"
    "http://www.w3.org/TR/xhtml1/DTD/xhtml1-transitional.dtd">
<html xmlns="http://www.w3.org/1999/xhtml" xml:lang="en" lang="en">
 <head>
  <title>
</title>
<meta http-equiv="Content-Type" content="text/html;charset=utf-8" />
  <meta name='ocr-system' content='tesseract 3.04.00' />
  <meta name='ocr-capabilities' content='ocr_page ocr_carea ocr_par ocr_line ocrx_word'/>
</head>
<body>
  <div class='ocr_page' id='page_1' title='image "./imperatorisiust00goog_0305.png"; bbox 0 0 2986 5048; ppageno 0'>
   <div class='ocr_carea' id='block_1_1' title="bbox 213 364 1369 445">
    <p class='ocr_par' dir='ltr' id='par_1_1' title="bbox 213 364 1369 445">
     <span class='ocr_line' id='line_1_1' title="bbox 213 364 1369 445; baseline -0.003 -17"><span class='ocrx_word' id='word_1_1' title='bbox 213 377 275 445; x_wconf 79' lang='lat'>292</span> <span class='ocrx_word' id='word_1_2' title='bbox 414 364 763 423; x_wconf 77' lang='lat' dir='ltr'>nvsmurrorvulr</span> <span class='ocrx_word' id='word_1_3' title='bbox 780 364 900 420; x_wconf 73' lang='lat' dir='ltr'>unns</span> <span class='ocrx_word' id='word_1_4' title='bbox 917 364 1155 437; x_wconf 73' lang='lat' dir='ltr'><em>QUATTUOR.</em></span> <span class='ocrx_word' id='word_1_5' title='bbox 1254 368 1325 436; x_wconf 78' lang='lat' dir='ltr'>[m.</span> <span class='ocrx_word' id='word_1_6' title='bbox 1335 376 1369 425; x_wconf 86' lang='lat' dir='ltr'>rr.</span> 
     </span>
    </p>
   </div>
   <div class='ocr_carea' id='block_1_2' title="bbox 162 530 1367 2994">
    <p class='ocr_par' dir='ltr' id='par_1_2' title="bbox 162 530 1367 2994">
     <span class='ocr_line' id='line_1_2' title="bbox 211 530 1367 613; baseline 0.001 -17"><span class='ocrx_word' id='word_1_7' title='bbox 211 533 335 598; x_wconf 84' lang='lat' dir='ltr'>lactum</span> <span class='ocrx_word' id='word_1_8' title='bbox 351 540 587 597; x_wconf 88' lang='lat' dir='ltr'>testamentum</span> <span class='ocrx_word' id='word_1_9' title='bbox 602 530 778 596; x_wconf 86' lang='lat' dir='ltr'>decesserit</span> <span class='ocrx_word' id='word_1_10' title='bbox 793 538 942 605; x_wconf 90' lang='lat' dir='ltr'>testator,</span> <span class='ocrx_word' id='word_1_11' title='bbox 958 550 1025 593; x_wconf 93' lang='lat' dir='ltr'>non</span> <span class='ocrx_word' id='word_1_12' title='bbox 1043 539 1157 594; x_wconf 89' lang='lat' dir='ltr'>tamen</span> <span class='ocrx_word' id='word_1_13' title='bbox 1175 532 1268 613; x_wconf 91' lang='lat' dir='ltr'>apud</span> <span class='ocrx_word' id='word_1_14' title='bbox 1284 552 1367 597; x_wconf 90' lang='lat' dir='ltr'>eum</span> 
     </span>
     <span class='ocr_line' id='line_1_3' title="bbox 211 632 1367 719; baseline 0.002 -20"><span class='ocrx_word' id='word_1_15' title='bbox 211 637 268 719; x_wconf 92' lang='lat' dir='ltr'>qui</span> <span class='ocrx_word' id='word_1_16' title='bbox 291 636 386 700; x_wconf 87' lang='lat' dir='ltr'>heres</span> <span class='ocrx_word' id='word_1_17' title='bbox 408 636 451 700; x_wconf 89' lang='lat' dir='ltr'>sit</span> <span class='ocrx_word' id='word_1_18' title='bbox 473 636 544 700; x_wconf 91' lang='lat' dir='ltr'>dies</span> <span class='ocrx_word' id='word_1_19' title='bbox 565 633 666 717; x_wconf 84' lang='lat' dir='ltr'>legati</span> <span class='ocrx_word' id='word_1_20' title='bbox 688 634 805 699; x_wconf 87' lang='lat' dir='ltr'>cedere</span> <span class='ocrx_word' id='word_1_21' title='bbox 827 633 1037 715; x_wconf 84' lang='lat' dir='ltr'>intellegitur,</span> <span class='ocrx_word' id='word_1_22' title='bbox 1053 653 1129 697; x_wconf 91' lang='lat' dir='ltr'>cum</span> <span class='ocrx_word' id='word_1_23' title='bbox 1151 632 1324 700; x_wconf 80' lang='lat' dir='ltr'>hereditas</span> <span class='ocrx_word' id='word_1_24' title='bbox 1346 657 1367 701; x_wconf 92' lang='lat' dir='ltr'>a</span> 
     </span>
     <span class='ocr_line' id='line_1_4' title="bbox 211 736 1366 822; baseline 0 -19"><span class='ocrx_word' id='word_1_25' title='bbox 211 740 323 821; x_wconf 83' lang='lat' dir='ltr'>legato</span> <span class='ocrx_word' id='word_1_26' title='bbox 343 748 495 822; x_wconf 87' lang='lat' dir='ltr'>separata</span> <span class='ocrx_word' id='word_1_27' title='bbox 513 739 557 803; x_wconf 89' lang='lat' dir='ltr'>sit</span> <span class='ocrx_word' id='word_1_28' title='bbox 575 748 609 802; x_wconf 91' lang='lat' dir='ltr'>et</span> <span class='ocrx_word' id='word_1_29' title='bbox 627 738 733 820; x_wconf 84' lang='lat' dir='ltr'><strong>possit</strong></span> <span class='ocrx_word' id='word_1_30' title='bbox 748 756 897 819; x_wconf 89' lang='lat' dir='ltr'>pereum</span> <span class='ocrx_word' id='word_1_31' title='bbox 913 737 1143 801; x_wconf 82' lang='lat' dir='ltr'>servum&#39;alius</span> <span class='ocrx_word' id='word_1_32' title='bbox 1156 736 1253 801; x_wconf 87' lang='lat' dir='ltr'>heres</span> <span class='ocrx_word' id='word_1_33' title='bbox 1268 738 1366 816; x_wconf 87' lang='lat' dir='ltr'>effici,</span> 
     </span>
     <span class='ocr_line' id='line_1_5' title="bbox 211 838 1366 925; baseline 0.001 -20"><span class='ocrx_word' id='word_1_34' title='bbox 211 843 238 906; x_wconf 92' lang='lat' dir='ltr'>si</span> <span class='ocrx_word' id='word_1_35' title='bbox 270 843 489 925; x_wconf 73' lang='lat' dir='ltr'>priusquam</span> <span class='ocrx_word' id='word_1_36' title='bbox 519 841 608 905; x_wconf 93' lang='lat' dir='ltr'>iussu</span> <span class='ocrx_word' id='word_1_37' title='bbox 640 840 766 904; x_wconf 89' lang='lat' dir='ltr'>domini</span> <span class='ocrx_word' id='word_1_38' title='bbox 797 841 904 913; x_wconf 80' lang='lat' dir='ltr'>adeat,</span> <span class='ocrx_word' id='word_1_39' title='bbox 928 840 962 903; x_wconf 92' lang='lat' dir='ltr'>in</span> <span class='ocrx_word' id='word_1_40' title='bbox 991 838 1126 903; x_wconf 90' lang='lat' dir='ltr'>alterius</span> <span class='ocrx_word' id='word_1_41' title='bbox 1156 850 1366 922; x_wconf 88' lang='lat' dir='ltr'>potestatem</span> 
     </span>
     <span class='ocr_line' id='line_1_6' title="bbox 212 943 1366 1027; baseline -0.001 -16"><span class='ocrx_word' id='word_1_42' title='bbox 212 946 389 1019; x_wconf 82' lang='lat' dir='ltr'>translatus</span> <span class='ocrx_word' id='word_1_43' title='bbox 418 947 470 1019; x_wconf 89' lang='lat' dir='ltr'>sit,</span> <span class='ocrx_word' id='word_1_44' title='bbox 497 945 550 1009; x_wconf 92' lang='lat' dir='ltr'>vel</span> <span class='ocrx_word' id='word_1_45' title='bbox 580 946 800 1009; x_wconf 83' lang='lat' dir='ltr'>manumissus</span> <span class='ocrx_word' id='word_1_46' title='bbox 829 944 900 1026; x_wconf 89' lang='lat' dir='ltr'>ipse</span> <span class='ocrx_word' id='word_1_47' title='bbox 929 943 1024 1007; x_wconf 89' lang='lat' dir='ltr'>heres</span> <span class='ocrx_word' id='word_1_48' title='bbox 1052 944 1208 1009; x_wconf 88' lang='lat' dir='ltr'>efficitur:</span> <span class='ocrx_word' id='word_1_49' title='bbox 1239 946 1366 1027; x_wconf 91' lang='lat' dir='ltr'>quibus</span> 
     </span>
     <span class='ocr_line' id='line_1_7' title="bbox 211 1048 1365 1133; baseline 0 -18"><span class='ocrx_word' id='word_1_50' title='bbox 211 1051 340 1115; x_wconf 86' lang='lat' dir='ltr'>casibus</span> <span class='ocrx_word' id='word_1_51' title='bbox 354 1050 435 1115; x_wconf 89' lang='lat' dir='ltr'>utile</span> <span class='ocrx_word' id='word_1_52' title='bbox 450 1060 501 1114; x_wconf 90' lang='lat' dir='ltr'>est</span> <span class='ocrx_word' id='word_1_53' title='bbox 516 1048 682 1133; x_wconf 83' lang='lat' dir='ltr'>legatum:</span> <span class='ocrx_word' id='word_1_54' title='bbox 705 1050 825 1132; x_wconf 93' lang='lat' dir='ltr'>quodsi</span> <span class='ocrx_word' id='word_1_55' title='bbox 840 1050 874 1111; x_wconf 94' lang='lat' dir='ltr'>in</span> <span class='ocrx_word' id='word_1_56' title='bbox 890 1048 1008 1112; x_wconf 89' lang='lat' dir='ltr'>eadem</span> <span class='ocrx_word' id='word_1_57' title='bbox 1023 1068 1124 1112; x_wconf 89' lang='lat' dir='ltr'>causa</span> <span class='ocrx_word' id='word_1_58' title='bbox 1141 1052 1365 1130; x_wconf 88' lang='lat' dir='ltr'>permanserit</span> 
     </span>
     <span class='ocr_line' id='line_1_8' title="bbox 163 1149 1366 1236; baseline -0.002 -19"><span class='ocrx_word' id='word_1_59' title='bbox 163 1163 246 1218; x_wconf 68' lang='lat' dir='ltr'>sset</span> <span class='ocrx_word' id='word_1_60' title='bbox 268 1153 356 1217; x_wconf 87' lang='lat' dir='ltr'>iussu</span> <span class='ocrx_word' id='word_1_61' title='bbox 383 1153 531 1236; x_wconf 89' lang='lat' dir='ltr'>legatarii</span> <span class='ocrx_word' id='word_1_62' title='bbox 564 1153 691 1225; x_wconf 87' lang='lat' dir='ltr'>adierit,</span> <span class='ocrx_word' id='word_1_63' title='bbox 716 1153 883 1216; x_wconf 90' lang='lat' dir='ltr'>evanescit</span> <span class='ocrx_word' id='word_1_64' title='bbox 910 1152 1069 1234; x_wconf 86' lang='lat' dir='ltr'>legatum.</span> <span class='ocrx_word' id='word_1_65' title='bbox 1113 1149 1207 1216; x_wconf 88' lang='lat' dir='ltr'>Ante</span> <span class='ocrx_word' id='word_1_66' title='bbox 1229 1150 1366 1217; x_wconf 89' lang='lat' dir='ltr'>heredis</span> 
     </span>
     <span class='ocr_line' id='line_1_9' title="bbox 212 1253 1366 1337; baseline 0 -16"><span class='ocrx_word' id='word_1_67' title='bbox 212 1258 451 1323; x_wconf 91' lang='lat' dir='ltr'>institutionem</span> <span class='ocrx_word' id='word_1_68' title='bbox 481 1254 639 1320; x_wconf 88' lang='lat' dir='ltr'>inutiliter</span> <span class='ocrx_word' id='word_1_69' title='bbox 667 1266 766 1320; x_wconf 89' lang='lat' dir='ltr'>antea</span> <span class='ocrx_word' id='word_1_70' title='bbox 796 1255 977 1337; x_wconf 84' lang='lat' dir='ltr'>legabatur,</span> <span class='ocrx_word' id='word_1_71' title='bbox 1004 1253 1130 1319; x_wconf 89' lang='lat' dir='ltr'>scilicet</span> <span class='ocrx_word' id='word_1_72' title='bbox 1153 1254 1232 1336; x_wconf 90' lang='lat' dir='ltr'>quia</span> <span class='ocrx_word' id='word_1_73' title='bbox 1259 1265 1366 1321; x_wconf 90' lang='lat' dir='ltr'>testa-</span> 
     </span>
     <span class='ocr_line' id='line_1_10' title="bbox 211 1356 1365 1440; baseline -0.002 -15"><span class='ocrx_word' id='word_1_74' title='bbox 211 1371 325 1425; x_wconf 89' lang='lat' dir='ltr'>menta</span> <span class='ocrx_word' id='word_1_75' title='bbox 338 1360 406 1423; x_wconf 90' lang='lat' dir='ltr'>vim</span> <span class='ocrx_word' id='word_1_76' title='bbox 430 1380 475 1423; x_wconf 90' lang='lat' dir='ltr'>ex</span> <span class='ocrx_word' id='word_1_77' title='bbox 497 1359 704 1423; x_wconf 91' lang='lat' dir='ltr'>institutione</span> <span class='ocrx_word' id='word_1_78' title='bbox 725 1358 884 1423; x_wconf 91' lang='lat' dir='ltr'>heredum</span> <span class='ocrx_word' id='word_1_79' title='bbox 904 1358 1070 1440; x_wconf 89' lang='lat' dir='ltr'>accipiunt</span> <span class='ocrx_word' id='word_1_80' title='bbox 1090 1367 1125 1420; x_wconf 91' lang='lat' dir='ltr'>et</span> <span class='ocrx_word' id='word_1_81' title='bbox 1142 1357 1187 1420; x_wconf 95' lang='lat' dir='ltr'>ob</span> <span class='ocrx_word' id='word_1_82' title='bbox 1205 1356 1240 1420; x_wconf 89' lang='lat' dir='ltr'>id</span> <span class='ocrx_word' id='word_1_83' title='bbox 1258 1358 1365 1424; x_wconf 92' lang='lat' dir='ltr'>veluti</span> 
     </span>
     <span class='ocr_line' id='line_1_11' title="bbox 210 1459 1365 1545; baseline -0.002 -17"><span class='ocrx_word' id='word_1_84' title='bbox 210 1474 311 1545; x_wconf 92' lang='lat' dir='ltr'>caput</span> <span class='ocrx_word' id='word_1_85' title='bbox 325 1473 425 1545; x_wconf 92' lang='lat' dir='ltr'>atque</span> <span class='ocrx_word' id='word_1_86' title='bbox 440 1462 693 1527; x_wconf 80' lang='lat' dir='ltr'>fundamentum</span> <span class='ocrx_word' id='word_1_87' title='bbox 709 1461 912 1543; x_wconf 84' lang='lat' dir='ltr'>intellegitur</span> <span class='ocrx_word' id='word_1_88' title='bbox 930 1461 1033 1525; x_wconf 90' lang='lat' dir='ltr'>totius</span> <span class='ocrx_word' id='word_1_89' title='bbox 1051 1460 1243 1525; x_wconf 88' lang='lat' dir='ltr'>testamenti</span> <span class='ocrx_word' id='word_1_90' title='bbox 1267 1459 1365 1526; x_wconf 88' lang='lat' dir='ltr'>here-</span> 
     </span>
     <span class='ocr_line' id='line_1_12' title="bbox 211 1564 1366 1648; baseline -0.003 -16"><span class='ocrx_word' id='word_1_91' title='bbox 211 1568 261 1632; x_wconf 92' lang='lat' dir='ltr'>dis</span> <span class='ocrx_word' id='word_1_92' title='bbox 284 1568 456 1633; x_wconf 92' lang='lat' dir='ltr'>institutio.</span> <span class='ocrx_word' id='word_1_93' title='bbox 500 1566 571 1648; x_wconf 90' lang='lat' dir='ltr'>pari</span> <span class='ocrx_word' id='word_1_94' title='bbox 594 1567 720 1631; x_wconf 90' lang='lat' dir='ltr'>ratione</span> <span class='ocrx_word' id='word_1_95' title='bbox 744 1586 804 1630; x_wconf 92' lang='lat' dir='ltr'>nec</span> <span class='ocrx_word' id='word_1_96' title='bbox 828 1564 964 1629; x_wconf 91' lang='lat' dir='ltr'>libertas</span> <span class='ocrx_word' id='word_1_97' title='bbox 985 1575 1063 1629; x_wconf 91' lang='lat' dir='ltr'>ante</span> <span class='ocrx_word' id='word_1_98' title='bbox 1083 1564 1212 1627; x_wconf 91' lang='lat' dir='ltr'>heredis</span> <span class='ocrx_word' id='word_1_99' title='bbox 1228 1565 1366 1631; x_wconf 89' lang='lat' dir='ltr'>institu-</span> 
     </span>
     <span class='ocr_line' id='line_1_13' title="bbox 211 1668 1365 1752; baseline -0.001 -18"><span class='ocrx_word' id='word_1_100' title='bbox 211 1671 336 1735; x_wconf 91' lang='lat' dir='ltr'>tionem</span> <span class='ocrx_word' id='word_1_101' title='bbox 351 1671 422 1734; x_wconf 92' lang='lat' dir='ltr'>dari</span> <span class='ocrx_word' id='word_1_102' title='bbox 437 1679 577 1752; x_wconf 87' lang='lat' dir='ltr'>poterat.</span> <span class='ocrx_word' id='word_1_103' title='bbox 610 1670 669 1732; x_wconf 94' lang='lat' dir='ltr'>sed</span> <span class='ocrx_word' id='word_1_104' title='bbox 686 1670 763 1751; x_wconf 93' lang='lat' dir='ltr'>quia</span> <span class='ocrx_word' id='word_1_105' title='bbox 779 1668 908 1733; x_wconf 87' lang='lat' dir='ltr'>incivile</span> <span class='ocrx_word' id='word_1_106' title='bbox 920 1689 990 1732; x_wconf 91' lang='lat' dir='ltr'>esse</span> <span class='ocrx_word' id='word_1_107' title='bbox 1005 1668 1194 1750; x_wconf 91' lang='lat' dir='ltr'>putavimus</span> <span class='ocrx_word' id='word_1_108' title='bbox 1208 1668 1365 1733; x_wconf 89' lang='lat' dir='ltr'>ordinem</span> 
     </span>
     <span class='ocr_line' id='line_1_14' title="bbox 210 1769 1365 1858; baseline -0.001 -21"><span class='ocrx_word' id='word_1_109' title='bbox 210 1774 344 1858; x_wconf 91' lang='lat' dir='ltr'>quidem</span> <span class='ocrx_word' id='word_1_110' title='bbox 360 1774 541 1855; x_wconf 89' lang='lat' dir='ltr'>scripturae</span> <span class='ocrx_word' id='word_1_111' title='bbox 556 1772 649 1855; x_wconf 87' lang='lat' dir='ltr'>sequi</span> <span class='ocrx_word' id='word_1_112' title='bbox 664 1769 768 1857; x_wconf 90' lang='lat' dir='ltr'>(quod</span> <span class='ocrx_word' id='word_1_113' title='bbox 780 1784 815 1837; x_wconf 92' lang='lat' dir='ltr'>et</span> <span class='ocrx_word' id='word_1_114' title='bbox 826 1772 887 1854; x_wconf 90' lang='lat' dir='ltr'>ipsi</span> <span class='ocrx_word' id='word_1_115' title='bbox 902 1770 1091 1853; x_wconf 84' lang='lat' dir='ltr'>antiquitati</span> <span class='ocrx_word' id='word_1_116' title='bbox 1106 1771 1365 1852; x_wconf 90' lang='lat' dir='ltr'>vituperandum</span> 
     </span>
     <span class='ocr_line' id='line_1_15' title="bbox 211 1874 1365 1962; baseline -0.002 -21"><span class='ocrx_word' id='word_1_117' title='bbox 211 1878 317 1943; x_wconf 87' lang='lat' dir='ltr'>suerat</span> <span class='ocrx_word' id='word_1_118' title='bbox 326 1874 457 1962; x_wconf 91' lang='lat' dir='ltr'>visum),</span> <span class='ocrx_word' id='word_1_119' title='bbox 469 1877 576 1959; x_wconf 90' lang='lat' dir='ltr'>sperni</span> <span class='ocrx_word' id='word_1_120' title='bbox 592 1888 705 1942; x_wconf 91' lang='lat' dir='ltr'>autem</span> <span class='ocrx_word' id='word_1_121' title='bbox 720 1877 890 1942; x_wconf 91' lang='lat' dir='ltr'>testatoris</span> <span class='ocrx_word' id='word_1_122' title='bbox 900 1876 1123 1940; x_wconf 85' lang='lat' dir='ltr'>voluntatem:</span> <span class='ocrx_word' id='word_1_123' title='bbox 1138 1895 1198 1957; x_wconf 90' lang='lat' dir='ltr'>per</span> <span class='ocrx_word' id='word_1_124' title='bbox 1212 1886 1365 1939; x_wconf 85' lang='lat' dir='ltr'>nostram</span> 
     </span>
     <span class='ocr_line' id='line_1_16' title="bbox 209 1978 1364 2057; baseline -0.003 -9"><span class='ocrx_word' id='word_1_125' title='bbox 209 1982 479 2048; x_wconf 91' lang='lat' dir='ltr'>constitutionem</span> <span class='ocrx_word' id='word_1_126' title='bbox 502 1992 536 2045; x_wconf 94' lang='lat' dir='ltr'>et</span> <span class='ocrx_word' id='word_1_127' title='bbox 557 1980 621 2045; x_wconf 91' lang='lat' dir='ltr'>hoc</span> <span class='ocrx_word' id='word_1_128' title='bbox 641 1980 757 2045; x_wconf 92' lang='lat' dir='ltr'>vitium</span> <span class='ocrx_word' id='word_1_129' title='bbox 778 1979 1036 2057; x_wconf 89' lang='lat' dir='ltr'>emendavimus,</span> <span class='ocrx_word' id='word_1_130' title='bbox 1052 1990 1089 2044; x_wconf 92' lang='lat' dir='ltr'>ut</span> <span class='ocrx_word' id='word_1_131' title='bbox 1109 1978 1209 2045; x_wconf 87' lang='lat' dir='ltr'>liceat</span> <span class='ocrx_word' id='word_1_132' title='bbox 1227 1989 1264 2043; x_wconf 90' lang='lat' dir='ltr'>et</span> <span class='ocrx_word' id='word_1_133' title='bbox 1282 1991 1364 2045; x_wconf 91' lang='lat' dir='ltr'>ante</span> 
     </span>
     <span class='ocr_line' id='line_1_17' title="bbox 209 2081 1364 2150; baseline -0.002 -1"><span class='ocrx_word' id='word_1_134' title='bbox 209 2086 340 2150; x_wconf 91' lang='lat' dir='ltr'>heredis</span> <span class='ocrx_word' id='word_1_135' title='bbox 369 2085 608 2149; x_wconf 91' lang='lat' dir='ltr'>institutionem</span> <span class='ocrx_word' id='word_1_136' title='bbox 634 2095 668 2149; x_wconf 92' lang='lat' dir='ltr'>et</span> <span class='ocrx_word' id='word_1_137' title='bbox 696 2083 781 2150; x_wconf 91' lang='lat' dir='ltr'>inter</span> <span class='ocrx_word' id='word_1_138' title='bbox 804 2084 931 2147; x_wconf 92' lang='lat' dir='ltr'>medias</span> <span class='ocrx_word' id='word_1_139' title='bbox 952 2083 1112 2147; x_wconf 91' lang='lat' dir='ltr'>heredum</span> <span class='ocrx_word' id='word_1_140' title='bbox 1134 2081 1364 2147; x_wconf 88' lang='lat' dir='ltr'>institutiones</span> 
     </span>
     <span class='ocr_line' id='line_1_18' title="bbox 210 2185 1364 2270; baseline -0.003 -17"><span class='ocrx_word' id='word_1_141' title='bbox 210 2188 356 2270; x_wconf 85' lang='lat' dir='ltr'>legatum</span> <span class='ocrx_word' id='word_1_142' title='bbox 386 2187 569 2270; x_wconf 89' lang='lat' dir='ltr'>relinquere</span> <span class='ocrx_word' id='word_1_143' title='bbox 599 2197 634 2252; x_wconf 92' lang='lat' dir='ltr'>et</span> <span class='ocrx_word' id='word_1_144' title='bbox 664 2187 770 2252; x_wconf 93' lang='lat' dir='ltr'>multo</span> <span class='ocrx_word' id='word_1_145' title='bbox 803 2187 908 2269; x_wconf 84' lang='lat' dir='ltr'>magis</span> <span class='ocrx_word' id='word_1_146' title='bbox 939 2185 1136 2259; x_wconf 89' lang='lat' dir='ltr'>libertatem,</span> <span class='ocrx_word' id='word_1_147' title='bbox 1160 2186 1254 2248; x_wconf 92' lang='lat' dir='ltr'>cuius</span> <span class='ocrx_word' id='word_1_148' title='bbox 1283 2206 1364 2249; x_wconf 90' lang='lat' dir='ltr'>usus</span> 
     </span>
     <span class='ocr_line' id='line_1_19' title="bbox 162 2285 1364 2372; baseline -0.002 -17"><span class='ocrx_word' id='word_1_149' title='bbox 162 2301 197 2356; x_wconf 83' lang='lat'>35</span> <span class='ocrx_word' id='word_1_150' title='bbox 210 2290 419 2354; x_wconf 80' lang='lat' dir='ltr'>favorabilior</span> <span class='ocrx_word' id='word_1_151' title='bbox 444 2300 503 2353; x_wconf 83' lang='lat' dir='ltr'>est</span> <span class='ocrx_word' id='word_1_152' title='bbox 557 2289 637 2354; x_wconf 92' lang='lat' dir='ltr'>Post</span> <span class='ocrx_word' id='word_1_153' title='bbox 660 2302 801 2356; x_wconf 91' lang='lat' dir='ltr'>mortem</span> <span class='ocrx_word' id='word_1_154' title='bbox 827 2309 959 2372; x_wconf 89' lang='lat' dir='ltr'>quoque</span> <span class='ocrx_word' id='word_1_155' title='bbox 981 2288 1110 2352; x_wconf 91' lang='lat' dir='ltr'>heredis</span> <span class='ocrx_word' id='word_1_156' title='bbox 1129 2295 1188 2351; x_wconf 91' lang='lat' dir='ltr'>aut</span> <span class='ocrx_word' id='word_1_157' title='bbox 1211 2285 1364 2371; x_wconf 78' lang='lat' dir='ltr'>legatarii</span> 
     </span>
     <span class='ocr_line' id='line_1_20' title="bbox 209 2391 1362 2477; baseline -0.003 -17"><span class='ocrx_word' id='word_1_158' title='bbox 209 2394 307 2459; x_wconf 89' lang='lat' dir='ltr'>simili</span> <span class='ocrx_word' id='word_1_159' title='bbox 324 2395 423 2457; x_wconf 93' lang='lat' dir='ltr'>modo</span> <span class='ocrx_word' id='word_1_160' title='bbox 439 2393 597 2458; x_wconf 89' lang='lat' dir='ltr'>inutiliter</span> <span class='ocrx_word' id='word_1_161' title='bbox 611 2394 801 2477; x_wconf 84' lang='lat' dir='ltr'>legabatur:</span> <span class='ocrx_word' id='word_1_162' title='bbox 818 2394 920 2457; x_wconf 91' lang='lat' dir='ltr'>veluti</span> <span class='ocrx_word' id='word_1_163' title='bbox 936 2394 963 2456; x_wconf 92' lang='lat' dir='ltr'>si</span> <span class='ocrx_word' id='word_1_164' title='bbox 977 2392 1052 2474; x_wconf 90' lang='lat' dir='ltr'>quis</span> <span class='ocrx_word' id='word_1_165' title='bbox 1067 2392 1114 2456; x_wconf 90' lang='lat' dir='ltr'>ita</span> <span class='ocrx_word' id='word_1_166' title='bbox 1129 2391 1240 2455; x_wconf 88' lang='lat' dir='ltr'>dicat:</span> <span class='ocrx_word' id='word_1_167' title='bbox 1266 2397 1362 2457; x_wconf 88' lang='lat' dir='ltr'>‘cum</span> 
     </span>
     <span class='ocr_line' id='line_1_21' title="bbox 209 2495 1364 2580; baseline 0 -19"><span class='ocrx_word' id='word_1_168' title='bbox 209 2498 306 2563; x_wconf 91' lang='lat' dir='ltr'>heres</span> <span class='ocrx_word' id='word_1_169' title='bbox 328 2518 421 2562; x_wconf 91' lang='lat' dir='ltr'>meus</span> <span class='ocrx_word' id='word_1_170' title='bbox 444 2508 592 2562; x_wconf 88' lang='lat' dir='ltr'>mortuus</span> <span class='ocrx_word' id='word_1_171' title='bbox 614 2500 683 2574; x_wconf 92' lang='lat' dir='ltr'>erit,</span> <span class='ocrx_word' id='word_1_172' title='bbox 700 2499 744 2562; x_wconf 94' lang='lat' dir='ltr'>do</span> <span class='ocrx_word' id='word_1_173' title='bbox 765 2495 878 2580; x_wconf 84' lang='lat' dir='ltr'>lego:&#39;</span> <span class='ocrx_word' id='word_1_174' title='bbox 909 2498 989 2562; x_wconf 92' lang='lat' dir='ltr'>item</span> <span class='ocrx_word' id='word_1_175' title='bbox 1010 2495 1133 2578; x_wconf 89' lang='lat' dir='ltr'>‘pridie</span> <span class='ocrx_word' id='word_1_176' title='bbox 1148 2515 1249 2577; x_wconf 92' lang='lat' dir='ltr'>quam</span> <span class='ocrx_word' id='word_1_177' title='bbox 1264 2495 1364 2561; x_wconf 90' lang='lat' dir='ltr'>heres</span> 
     </span>
     <span class='ocr_line' id='line_1_22' title="bbox 209 2598 1363 2683; baseline -0.001 -18"><span class='ocrx_word' id='word_1_178' title='bbox 209 2612 268 2665; x_wconf 92' lang='lat' dir='ltr'>aut</span> <span class='ocrx_word' id='word_1_179' title='bbox 283 2601 460 2683; x_wconf 87' lang='lat' dir='ltr'>legatarius</span> <span class='ocrx_word' id='word_1_180' title='bbox 481 2598 660 2666; x_wconf 90' lang='lat' dir='ltr'>morietur.’</span> <span class='ocrx_word' id='word_1_181' title='bbox 705 2602 764 2665; x_wconf 91' lang='lat' dir='ltr'>sed</span> <span class='ocrx_word' id='word_1_182' title='bbox 786 2600 885 2664; x_wconf 89' lang='lat' dir='ltr'>simili</span> <span class='ocrx_word' id='word_1_183' title='bbox 909 2600 1010 2663; x_wconf 92' lang='lat' dir='ltr'>modo</span> <span class='ocrx_word' id='word_1_184' title='bbox 1031 2609 1066 2663; x_wconf 89' lang='lat' dir='ltr'>et</span> <span class='ocrx_word' id='word_1_185' title='bbox 1080 2598 1144 2662; x_wconf 91' lang='lat' dir='ltr'>hoc</span> <span class='ocrx_word' id='word_1_186' title='bbox 1155 2599 1363 2664; x_wconf 86' lang='lat' dir='ltr'>correximus</span> 
     </span>
     <span class='ocr_line' id='line_1_23' title="bbox 210 2702 1363 2787; baseline -0.002 -20"><span class='ocrx_word' id='word_1_187' title='bbox 210 2704 401 2769; x_wconf 87' lang='lat' dir='ltr'>firmitatem</span> <span class='ocrx_word' id='word_1_188' title='bbox 424 2703 613 2768; x_wconf 92' lang='lat' dir='ltr'>huiusmodi</span> <span class='ocrx_word' id='word_1_189' title='bbox 636 2704 754 2787; x_wconf 86' lang='lat' dir='ltr'>legatis</span> <span class='ocrx_word' id='word_1_190' title='bbox 782 2705 826 2767; x_wconf 92' lang='lat' dir='ltr'>ad</span> <span class='ocrx_word' id='word_1_191' title='bbox 853 2702 1181 2767; x_wconf 89' lang='lat' dir='ltr'>fideicommissorum</span> <span class='ocrx_word' id='word_1_192' title='bbox 1207 2702 1363 2766; x_wconf 92' lang='lat' dir='ltr'>similitu·</span> 
     </span>
     <span class='ocr_line' id='line_1_24' title="bbox 209 2802 1362 2888; baseline -0.002 -18"><span class='ocrx_word' id='word_1_193' title='bbox 209 2808 322 2871; x_wconf 87' lang='lat' dir='ltr'>dinem</span> <span class='ocrx_word' id='word_1_194' title='bbox 334 2818 549 2888; x_wconf 89' lang='lat' dir='ltr'>praestantes,</span> <span class='ocrx_word' id='word_1_195' title='bbox 561 2828 603 2871; x_wconf 91' lang='lat' dir='ltr'>ne</span> <span class='ocrx_word' id='word_1_196' title='bbox 617 2808 670 2870; x_wconf 91' lang='lat' dir='ltr'>vel</span> <span class='ocrx_word' id='word_1_197' title='bbox 687 2809 720 2870; x_wconf 92' lang='lat' dir='ltr'>in</span> <span class='ocrx_word' id='word_1_198' title='bbox 736 2806 800 2870; x_wconf 92' lang='lat' dir='ltr'>hoc</span> <span class='ocrx_word' id='word_1_199' title='bbox 814 2826 891 2870; x_wconf 89' lang='lat' dir='ltr'>casu</span> <span class='ocrx_word' id='word_1_200' title='bbox 903 2807 1047 2885; x_wconf 87' lang='lat' dir='ltr'>deterior</span> <span class='ocrx_word' id='word_1_201' title='bbox 1061 2824 1160 2869; x_wconf 91' lang='lat' dir='ltr'>causa</span> <span class='ocrx_word' id='word_1_202' title='bbox 1175 2802 1362 2885; x_wconf 85' lang='lat' dir='ltr'>legatorum</span> 
     </span>
     <span class='ocr_line' id='line_1_25' title="bbox 163 2910 1363 2994; baseline -0.002 -21"><span class='ocrx_word' id='word_1_203' title='bbox 163 2925 309 2994; x_wconf 82' lang='lat' dir='ltr'>36quam</span> <span class='ocrx_word' id='word_1_204' title='bbox 333 2912 660 2975; x_wconf 89' lang='lat' dir='ltr'>fideicommissorum</span> <span class='ocrx_word' id='word_1_205' title='bbox 684 2912 876 2975; x_wconf 91' lang='lat' dir='ltr'>inveniatur.</span> <span class='ocrx_word' id='word_1_206' title='bbox 919 2910 1051 2973; x_wconf 90' lang='lat' dir='ltr'>Poenae</span> <span class='ocrx_word' id='word_1_207' title='bbox 1072 2928 1205 2991; x_wconf 91' lang='lat' dir='ltr'>quoque</span> <span class='ocrx_word' id='word_1_208' title='bbox 1227 2910 1363 2972; x_wconf 91' lang='lat' dir='ltr'>nomine</span> 
     </span>
    </p>
   </div>
   <div class='ocr_carea' id='block_1_3' title="bbox 208 3138 1362 4539">
    <p class='ocr_par' dir='ltr' id='par_1_3' title="bbox 208 3138 1362 4204">
     <span class='ocr_line' id='line_1_26' title="bbox 210 3138 1362 3210; baseline -0.001 -15"><span class='ocrx_word' id='word_1_209' title='bbox 210 3151 239 3196; x_wconf 94' lang='lat' dir='ltr'>to</span> <span class='ocrx_word' id='word_1_210' title='bbox 258 3158 275 3195; x_wconf 91' lang='lat' dir='ltr'>a</span> <span class='ocrx_word' id='word_1_211' title='bbox 294 3141 371 3195; x_wconf 89' lang='lat' dir='ltr'>slave</span> <span class='ocrx_word' id='word_1_212' title='bbox 390 3140 423 3195; x_wconf 87' lang='lat' dir='ltr'>ol</span> <span class='ocrx_word' id='word_1_213' title='bbox 436 3141 485 3195; x_wconf 90' lang='lat' dir='ltr'>the</span> <span class='ocrx_word' id='word_1_214' title='bbox 504 3139 647 3195; x_wconf 89' lang='lat' dir='ltr'>institutus</span> <span class='ocrx_word' id='word_1_215' title='bbox 665 3140 724 3196; x_wconf 89' lang='lat' dir='ltr'>had</span> <span class='ocrx_word' id='word_1_216' title='bbox 741 3141 814 3196; x_wconf 90' lang='lat' dir='ltr'>been</span> <span class='ocrx_word' id='word_1_217' title='bbox 834 3140 988 3210; x_wconf 88' lang='lat' dir='ltr'>supported</span> <span class='ocrx_word' id='word_1_218' title='bbox 1005 3140 1044 3209; x_wconf 91' lang='lat' dir='ltr'>by</span> <span class='ocrx_word' id='word_1_219' title='bbox 1055 3141 1104 3195; x_wconf 92' lang='lat' dir='ltr'>the</span> <span class='ocrx_word' id='word_1_220' title='bbox 1119 3138 1291 3194; x_wconf 89' lang='lat' dir='ltr'>Sabinians:</span> <span class='ocrx_word' id='word_1_221' title='bbox 1311 3139 1362 3194; x_wconf 91' lang='lat' dir='ltr'>the</span> 
     </span>
     <span class='ocr_line' id='line_1_27' title="bbox 212 3221 1362 3278; baseline -0.002 0"><span class='ocrx_word' id='word_1_222' title='bbox 212 3224 374 3278; x_wconf 90' lang='lat' dir='ltr'>Proculians</span> <span class='ocrx_word' id='word_1_223' title='bbox 396 3222 464 3277; x_wconf 92' lang='lat' dir='ltr'>held</span> <span class='ocrx_word' id='word_1_224' title='bbox 486 3222 507 3277; x_wconf 91' lang='lat' dir='ltr'>it</span> <span class='ocrx_word' id='word_1_225' title='bbox 530 3223 596 3277; x_wconf 92' lang='lat' dir='ltr'>void</span> <span class='ocrx_word' id='word_1_226' title='bbox 621 3222 649 3276; x_wconf 92' lang='lat' dir='ltr'>in</span> <span class='ocrx_word' id='word_1_227' title='bbox 670 3222 760 3278; x_wconf 90' lang='lat' dir='ltr'>either</span> <span class='ocrx_word' id='word_1_228' title='bbox 782 3240 867 3278; x_wconf 90' lang='lat' dir='ltr'>case:</span> <span class='ocrx_word' id='word_1_229' title='bbox 895 3222 1008 3276; x_wconf 89' lang='lat' dir='ltr'>Servius</span> <span class='ocrx_word' id='word_1_230' title='bbox 1030 3221 1206 3277; x_wconf 88' lang='lat' dir='ltr'>maintained</span> <span class='ocrx_word' id='word_1_231' title='bbox 1227 3223 1289 3276; x_wconf 89' lang='lat' dir='ltr'>that</span> <span class='ocrx_word' id='word_1_232' title='bbox 1312 3223 1362 3276; x_wconf 87' lang='lat' dir='ltr'>the</span> 
     </span>
     <span class='ocr_line' id='line_1_28' title="bbox 209 3305 1361 3376; baseline -0.001 -15"><span class='ocrx_word' id='word_1_233' title='bbox 209 3307 328 3376; x_wconf 89' lang='lat' dir='ltr'>bequest</span> <span class='ocrx_word' id='word_1_234' title='bbox 341 3324 398 3360; x_wconf 87' lang='lat' dir='ltr'>was</span> <span class='ocrx_word' id='word_1_235' title='bbox 411 3305 612 3375; x_wconf 90' lang='lat' dir='ltr'>provisionally</span> <span class='ocrx_word' id='word_1_236' title='bbox 626 3306 711 3373; x_wconf 89' lang='lat' dir='ltr'>valid‚</span> <span class='ocrx_word' id='word_1_237' title='bbox 725 3307 850 3361; x_wconf 89' lang='lat' dir='ltr'>whether</span> <span class='ocrx_word' id='word_1_238' title='bbox 864 3305 1038 3360; x_wconf 89' lang='lat' dir='ltr'>conditional</span> <span class='ocrx_word' id='word_1_239' title='bbox 1055 3323 1088 3359; x_wconf 91' lang='lat' dir='ltr'>or</span> <span class='ocrx_word' id='word_1_240' title='bbox 1106 3314 1165 3374; x_wconf 87' lang='lat' dir='ltr'>not,</span> <span class='ocrx_word' id='word_1_241' title='bbox 1177 3306 1227 3358; x_wconf 90' lang='lat' dir='ltr'>but</span> <span class='ocrx_word' id='word_1_242' title='bbox 1240 3306 1361 3360; x_wconf 87' lang='lat' dir='ltr'>became</span> 
     </span>
     <span class='ocr_line' id='line_1_29' title="bbox 209 3387 1361 3460; baseline -0.001 -17"><span class='ocrx_word' id='word_1_243' title='bbox 209 3389 276 3444; x_wconf 88' lang='lat' dir='ltr'>void</span> <span class='ocrx_word' id='word_1_244' title='bbox 288 3389 313 3443; x_wconf 81' lang='lat' dir='ltr'>if</span> <span class='ocrx_word' id='word_1_245' title='bbox 321 3390 369 3444; x_wconf 90' lang='lat' dir='ltr'>the</span> <span class='ocrx_word' id='word_1_246' title='bbox 382 3390 491 3458; x_wconf 83' lang='lat' dir='ltr'>legatee</span> <span class='ocrx_word' id='word_1_247' title='bbox 504 3405 561 3443; x_wconf 90' lang='lat' dir='ltr'>was</span> <span class='ocrx_word' id='word_1_248' title='bbox 574 3389 602 3443; x_wconf 91' lang='lat' dir='ltr'>in</span> <span class='ocrx_word' id='word_1_249' title='bbox 616 3390 664 3443; x_wconf 90' lang='lat' dir='ltr'>the</span> <span class='ocrx_word' id='word_1_250' title='bbox 678 3389 830 3444; x_wconf 88' lang='lat' dir='ltr'>institutus’</span> <span class='ocrx_word' id='word_1_251' title='bbox 842 3406 937 3460; x_wconf 90' lang='lat' dir='ltr'>power</span> <span class='ocrx_word' id='word_1_252' title='bbox 949 3407 986 3443; x_wconf 90' lang='lat' dir='ltr'>on</span> <span class='ocrx_word' id='word_1_253' title='bbox 1004 3390 1053 3444; x_wconf 91' lang='lat' dir='ltr'>the</span> <span class='ocrx_word' id='word_1_254' title='bbox 1071 3388 1132 3444; x_wconf 90' lang='lat' dir='ltr'>dies</span> <span class='ocrx_word' id='word_1_255' title='bbox 1146 3387 1231 3458; x_wconf 84' lang='lat' dir='ltr'>legati</span> <span class='ocrx_word' id='word_1_256' title='bbox 1244 3387 1361 3455; x_wconf 88' lang='lat' dir='ltr'>cedens,</span> 
     </span>
     <span class='ocr_line' id='line_1_30' title="bbox 210 3470 1361 3541; baseline -0.001 -14"><span class='ocrx_word' id='word_1_257' title='bbox 210 3472 299 3527; x_wconf 89' lang='lat' dir='ltr'>Gaius</span> <span class='ocrx_word' id='word_1_258' title='bbox 313 3471 340 3526; x_wconf 90' lang='lat' dir='ltr'>ii.</span> <span class='ocrx_word' id='word_1_259' title='bbox 353 3486 414 3538; x_wconf 91' lang='grc'>244.</span> <span class='ocrx_word' id='word_1_260' title='bbox 450 3473 512 3526; x_wconf 85' lang='lat' dir='ltr'>The</span> <span class='ocrx_word' id='word_1_261' title='bbox 532 3472 680 3526; x_wconf 90' lang='lat' dir='ltr'>Proculian</span> <span class='ocrx_word' id='word_1_262' title='bbox 697 3472 768 3526; x_wconf 91' lang='lat' dir='ltr'>view</span> <span class='ocrx_word' id='word_1_263' title='bbox 784 3489 841 3526; x_wconf 87' lang='lat' dir='ltr'>was</span> <span class='ocrx_word' id='word_1_264' title='bbox 861 3471 950 3526; x_wconf 90' lang='lat' dir='ltr'>based</span> <span class='ocrx_word' id='word_1_265' title='bbox 968 3488 1044 3541; x_wconf 90' lang='lat' dir='ltr'>upon</span> <span class='ocrx_word' id='word_1_266' title='bbox 1065 3473 1139 3526; x_wconf 89' lang='lat' dir='ltr'>what</span> <span class='ocrx_word' id='word_1_267' title='bbox 1159 3471 1184 3525; x_wconf 89' lang='lat' dir='ltr'>is</span> <span class='ocrx_word' id='word_1_268' title='bbox 1200 3470 1294 3525; x_wconf 86' lang='lat' dir='ltr'>called</span> <span class='ocrx_word' id='word_1_269' title='bbox 1311 3472 1361 3526; x_wconf 86' lang='lat' dir='ltr'>the</span> 
     </span>
     <span class='ocr_line' id='line_1_31' title="bbox 209 3553 1361 3626; baseline 0 -16"><span class='ocrx_word' id='word_1_270' title='bbox 209 3557 306 3626; x_wconf 83' lang='lat' dir='ltr'>regula</span> <span class='ocrx_word' id='word_1_271' title='bbox 320 3554 485 3623; x_wconf 89' lang='lat' dir='ltr'>Catoniana,</span> <span class='ocrx_word' id='word_1_272' title='bbox 499 3556 622 3609; x_wconf 90' lang='lat' dir='ltr'>because</span> <span class='ocrx_word' id='word_1_273' title='bbox 635 3555 655 3609; x_wconf 92' lang='lat' dir='ltr'>it</span> <span class='ocrx_word' id='word_1_274' title='bbox 669 3572 726 3609; x_wconf 90' lang='lat' dir='ltr'>was</span> <span class='ocrx_word' id='word_1_275' title='bbox 739 3555 871 3609; x_wconf 90' lang='lat' dir='ltr'>ascribed</span> <span class='ocrx_word' id='word_1_276' title='bbox 890 3566 919 3609; x_wconf 93' lang='lat' dir='ltr'>to</span> <span class='ocrx_word' id='word_1_277' title='bbox 936 3572 991 3609; x_wconf 91' lang='lat' dir='ltr'>one</span> <span class='ocrx_word' id='word_1_278' title='bbox 1008 3554 1042 3607; x_wconf 85' lang='lat' dir='ltr'>ol</span> <span class='ocrx_word' id='word_1_279' title='bbox 1054 3556 1102 3609; x_wconf 89' lang='lat' dir='ltr'>the</span> <span class='ocrx_word' id='word_1_280' title='bbox 1116 3556 1203 3609; x_wconf 89' lang='lat' dir='ltr'>Catos</span> <span class='ocrx_word' id='word_1_281' title='bbox 1217 3572 1224 3607; x_wconf 95' lang='lat'><strong>:</strong></span> <span class='ocrx_word' id='word_1_282' title='bbox 1244 3553 1361 3623; x_wconf 85' lang='lat' dir='ltr'>‘regula</span> 
     </span>
     <span class='ocr_line' id='line_1_32' title="bbox 211 3637 1361 3708; baseline 0 -15"><span class='ocrx_word' id='word_1_283' title='bbox 211 3637 370 3694; x_wconf 89' lang='lat' dir='ltr'>Catoniana</span> <span class='ocrx_word' id='word_1_284' title='bbox 393 3638 435 3692; x_wconf 91' lang='lat' dir='ltr'>sic</span> <span class='ocrx_word' id='word_1_285' title='bbox 460 3638 576 3704; x_wconf 85' lang='lat' dir='ltr'>definit;</span> <span class='ocrx_word' id='word_1_286' title='bbox 601 3637 687 3708; x_wconf 92' lang='lat' dir='ltr'>quod,</span> <span class='ocrx_word' id='word_1_287' title='bbox 709 3638 733 3691; x_wconf 89' lang='lat' dir='ltr'>si</span> <span class='ocrx_word' id='word_1_288' title='bbox 755 3637 917 3693; x_wconf 88' lang='lat' dir='ltr'>testamenti</span> <span class='ocrx_word' id='word_1_289' title='bbox 943 3637 1009 3691; x_wconf 87' lang='lat' dir='ltr'>lacti</span> <span class='ocrx_word' id='word_1_290' title='bbox 1034 3649 1162 3707; x_wconf 90' lang='lat' dir='ltr'>tempore</span> <span class='ocrx_word' id='word_1_291' title='bbox 1187 3637 1361 3693; x_wconf 87' lang='lat' dir='ltr'>decessisset</span> 
     </span>
     <span class='ocr_line' id='line_1_33' title="bbox 209 3719 1361 3790; baseline -0.001 -14"><span class='ocrx_word' id='word_1_292' title='bbox 209 3730 335 3788; x_wconf 88' lang='lat' dir='ltr'>testator,</span> <span class='ocrx_word' id='word_1_293' title='bbox 351 3720 448 3775; x_wconf 87' lang='lat' dir='ltr'>inutile</span> <span class='ocrx_word' id='word_1_294' title='bbox 470 3719 549 3788; x_wconf 83' lang='lat' dir='ltr'>soret,</span> <span class='ocrx_word' id='word_1_295' title='bbox 564 3719 593 3773; x_wconf 90' lang='lat' dir='ltr'>id</span> <span class='ocrx_word' id='word_1_296' title='bbox 614 3722 746 3789; x_wconf 85' lang='lat' dir='ltr'>legatum,</span> <span class='ocrx_word' id='word_1_297' title='bbox 760 3720 986 3790; x_wconf 88' lang='lat' dir='ltr'>quandocunque</span> <span class='ocrx_word' id='word_1_298' title='bbox 1004 3719 1165 3787; x_wconf 89' lang='lat' dir='ltr'>decesserit,</span> <span class='ocrx_word' id='word_1_299' title='bbox 1177 3736 1235 3773; x_wconf 90' lang='lat' dir='ltr'>non</span> <span class='ocrx_word' id='word_1_300' title='bbox 1248 3720 1361 3775; x_wconf 83' lang='lat' dir='ltr'>valere&#39;</span> 
     </span>
     <span class='ocr_line' id='line_1_34' title="bbox 210 3801 1361 3873; baseline 0 -15"><span class='ocrx_word' id='word_1_301' title='bbox 210 3804 277 3873; x_wconf 88' lang='lat' dir='ltr'>Dig.</span> <span class='ocrx_word' id='word_1_302' title='bbox 290 3819 333 3872; x_wconf 84' lang='lat'>34.</span> <span class='ocrx_word' id='word_1_303' title='bbox 347 3817 371 3870; x_wconf 94' lang='lat'>7.</span> <span class='ocrx_word' id='word_1_304' title='bbox 389 3819 409 3858; x_wconf 92' lang='lat'>1.</span> <span class='ocrx_word' id='word_1_305' title='bbox 448 3805 502 3856; x_wconf 91' lang='lat' dir='ltr'>But</span> <span class='ocrx_word' id='word_1_306' title='bbox 516 3803 572 3857; x_wconf 92' lang='lat' dir='ltr'>this</span> <span class='ocrx_word' id='word_1_307' title='bbox 587 3804 646 3857; x_wconf 91' lang='lat' dir='ltr'>rule</span> <span class='ocrx_word' id='word_1_308' title='bbox 660 3803 710 3857; x_wconf 90' lang='lat' dir='ltr'>did</span> <span class='ocrx_word' id='word_1_309' title='bbox 728 3813 777 3857; x_wconf 89' lang='lat' dir='ltr'>not</span> <span class='ocrx_word' id='word_1_310' title='bbox 795 3804 881 3871; x_wconf 90' lang='lat' dir='ltr'>apply</span> <span class='ocrx_word' id='word_1_311' title='bbox 893 3813 923 3856; x_wconf 93' lang='lat' dir='ltr'>to</span> <span class='ocrx_word' id='word_1_312' title='bbox 936 3802 1109 3856; x_wconf 89' lang='lat' dir='ltr'>conditional</span> <span class='ocrx_word' id='word_1_313' title='bbox 1121 3801 1253 3870; x_wconf 84' lang='lat' dir='ltr'>legacies,</span> <span class='ocrx_word' id='word_1_314' title='bbox 1262 3802 1361 3858; x_wconf 85' lang='lat' dir='ltr'>whose</span> 
     </span>
     <span class='ocr_line' id='line_1_35' title="bbox 208 3884 1360 3955; baseline 0 -14"><span class='ocrx_word' id='word_1_315' title='bbox 208 3887 326 3955; x_wconf 86' lang='lat' dir='ltr'>validity</span> <span class='ocrx_word' id='word_1_316' title='bbox 338 3904 395 3941; x_wconf 85' lang='lat' dir='ltr'>was</span> <span class='ocrx_word' id='word_1_317' title='bbox 412 3886 504 3941; x_wconf 89' lang='lat' dir='ltr'>tested</span> <span class='ocrx_word' id='word_1_318' title='bbox 517 3896 546 3940; x_wconf 91' lang='lat' dir='ltr'>at</span> <span class='ocrx_word' id='word_1_319' title='bbox 560 3888 608 3940; x_wconf 92' lang='lat' dir='ltr'>the</span> <span class='ocrx_word' id='word_1_320' title='bbox 621 3886 769 3941; x_wconf 84' lang='lat' dir='ltr'>fulfilment</span> <span class='ocrx_word' id='word_1_321' title='bbox 782 3887 815 3940; x_wconf 82' lang='lat' dir='ltr'>of</span> <span class='ocrx_word' id='word_1_322' title='bbox 824 3887 872 3939; x_wconf 90' lang='lat' dir='ltr'>the</span> <span class='ocrx_word' id='word_1_323' title='bbox 886 3884 1041 3952; x_wconf 87' lang='lat' dir='ltr'>condition,</span> <span class='ocrx_word' id='word_1_324' title='bbox 1053 3884 1120 3955; x_wconf 83' lang='lat' dir='ltr'>Dig.</span> <span class='ocrx_word' id='word_1_325' title='bbox 1133 3898 1176 3953; x_wconf 83' lang='lat'>35.</span> <span class='ocrx_word' id='word_1_326' title='bbox 1193 3900 1215 3940; x_wconf 93' lang='lat'>1.</span> <span class='ocrx_word' id='word_1_327' title='bbox 1227 3886 1271 3954; x_wconf 88' lang='lat'>98,</span> <span class='ocrx_word' id='word_1_328' title='bbox 1284 3895 1360 3941; x_wconf 88' lang='lat' dir='ltr'>orto</span> 
     </span>
     <span class='ocr_line' id='line_1_36' title="bbox 209 3967 1360 4039; baseline -0.002 -14"><span class='ocrx_word' id='word_1_329' title='bbox 209 3972 291 4025; x_wconf 91' lang='lat' dir='ltr'>those</span> <span class='ocrx_word' id='word_1_330' title='bbox 304 3969 395 4025; x_wconf 89' lang='lat' dir='ltr'>which</span> <span class='ocrx_word' id='word_1_331' title='bbox 407 3986 479 4024; x_wconf 88' lang='lat' dir='ltr'>were</span> <span class='ocrx_word' id='word_1_332' title='bbox 492 3969 575 4039; x_wconf 82' lang='lat' dir='ltr'>given</span> <span class='ocrx_word' id='word_1_333' title='bbox 594 3986 629 4023; x_wconf 90' lang='lat' dir='ltr'>ex</span> <span class='ocrx_word' id='word_1_334' title='bbox 648 3968 713 4023; x_wconf 92' lang='lat' dir='ltr'>die:</span> <span class='ocrx_word' id='word_1_335' title='bbox 734 3968 911 4024; x_wconf 89' lang='lat' dir='ltr'>‘Catoniana</span> <span class='ocrx_word' id='word_1_336' title='bbox 929 3969 1026 4037; x_wconf 82' lang='lat' dir='ltr'>regula</span> <span class='ocrx_word' id='word_1_337' title='bbox 1046 3986 1103 4022; x_wconf 90' lang='lat' dir='ltr'>non</span> <span class='ocrx_word' id='word_1_338' title='bbox 1124 3968 1245 4037; x_wconf 91' lang='lat' dir='ltr'>pertinet</span> <span class='ocrx_word' id='word_1_339' title='bbox 1267 3967 1305 4021; x_wconf 93' lang='lat' dir='ltr'>ad</span> <span class='ocrx_word' id='word_1_340' title='bbox 1325 3985 1360 4023; x_wconf 89' lang='lat' dir='ltr'>ea</span> 
     </span>
     <span class='ocr_line' id='line_1_37' title="bbox 208 4050 1360 4122; baseline -0.003 -14"><span class='ocrx_word' id='word_1_341' title='bbox 208 4054 310 4121; x_wconf 85' lang='lat' dir='ltr'>legata,</span> <span class='ocrx_word' id='word_1_342' title='bbox 324 4069 443 4122; x_wconf 91' lang='lat' dir='ltr'>quorum</span> <span class='ocrx_word' id='word_1_343' title='bbox 461 4051 521 4106; x_wconf 91' lang='lat' dir='ltr'>dies</span> <span class='ocrx_word' id='word_1_344' title='bbox 537 4070 593 4105; x_wconf 94' lang='lat' dir='ltr'>non</span> <span class='ocrx_word' id='word_1_345' title='bbox 611 4052 710 4106; x_wconf 88' lang='lat' dir='ltr'>mortis</span> <span class='ocrx_word' id='word_1_346' title='bbox 728 4062 865 4122; x_wconf 89' lang='lat' dir='ltr'>tempore,</span> <span class='ocrx_word' id='word_1_347' title='bbox 878 4051 929 4106; x_wconf 91' lang='lat' dir='ltr'>sed</span> <span class='ocrx_word' id='word_1_348' title='bbox 947 4060 1011 4121; x_wconf 89' lang='lat' dir='ltr'>post</span> <span class='ocrx_word' id='word_1_349' title='bbox 1030 4050 1138 4106; x_wconf 88' lang='lat' dir='ltr'>aditam</span> <span class='ocrx_word' id='word_1_350' title='bbox 1155 4050 1230 4105; x_wconf 89' lang='lat' dir='ltr'>cedit</span> <span class='ocrx_word' id='word_1_351' title='bbox 1248 4050 1360 4106; x_wconf 88' lang='lat' dir='ltr'>heredi·</span> 
     </span>
     <span class='ocr_line' id='line_1_38' title="bbox 208 4135 528 4204; baseline -0.009 -13"><span class='ocrx_word' id='word_1_352' title='bbox 208 4138 312 4191; x_wconf 87' lang='lat' dir='ltr'>tatem&#39;</span> <span class='ocrx_word' id='word_1_353' title='bbox 325 4135 392 4204; x_wconf 90' lang='lat' dir='ltr'>Dig.</span> <span class='ocrx_word' id='word_1_354' title='bbox 406 4150 449 4203; x_wconf 79' lang='lat'>34.</span> <span class='ocrx_word' id='word_1_355' title='bbox 463 4147 488 4201; x_wconf 87' lang='lat'>7.</span> <span class='ocrx_word' id='word_1_356' title='bbox 502 4148 528 4202; x_wconf 86' lang='lat'>3.</span> 
     </span>
    </p>

    <p class='ocr_par' dir='ltr' id='par_1_4' title="bbox 208 4217 1361 4455">
     <span class='ocr_line' id='line_1_39' title="bbox 244 4217 1360 4291; baseline -0.003 -15"><span class='ocrx_word' id='word_1_357' title='bbox 244 4220 258 4291; x_wconf 69' lang='grc' dir='ltr'><strong>ξ</strong></span> <span class='ocrx_word' id='word_1_358' title='bbox 273 4223 323 4275; x_wconf 83' lang='grc'>34.</span> <span class='ocrx_word' id='word_1_359' title='bbox 342 4220 412 4275; x_wconf 89' lang='lat' dir='ltr'>Cod.</span> <span class='ocrx_word' id='word_1_360' title='bbox 425 4220 451 4274; x_wconf 90' lang='lat'>6.</span> <span class='ocrx_word' id='word_1_361' title='bbox 464 4234 507 4287; x_wconf 84' lang='lat'>23.</span> <span class='ocrx_word' id='word_1_362' title='bbox 521 4233 555 4284; x_wconf 84' lang='grc'>24</span> <span class='ocrx_word' id='word_1_363' title='bbox 567 4237 573 4272; x_wconf 90' lang='lat'>:</span> <span class='ocrx_word' id='word_1_364' title='bbox 593 4236 641 4273; x_wconf 89' lang='lat' dir='ltr'>see</span> <span class='ocrx_word' id='word_1_365' title='bbox 654 4228 721 4273; x_wconf 90' lang='lat' dir='ltr'>note</span> <span class='ocrx_word' id='word_1_366' title='bbox 734 4235 771 4272; x_wconf 93' lang='lat' dir='ltr'>on</span> <span class='ocrx_word' id='word_1_367' title='bbox 784 4218 841 4273; x_wconf 93' lang='lat' dir='ltr'>Tit.</span> <span class='ocrx_word' id='word_1_368' title='bbox 855 4233 887 4285; x_wconf 87' lang='lat'>14</span> <span class='ocrx_word' id='word_1_369' title='bbox 899 4235 940 4288; x_wconf 91' lang='lat' dir='ltr'>pr.</span> <span class='ocrx_word' id='word_1_370' title='bbox 954 4235 1029 4286; x_wconf 89' lang='lat' dir='ltr'>supr.</span> <span class='ocrx_word' id='word_1_371' title='bbox 1042 4217 1079 4271; x_wconf 91' lang='lat' dir='ltr'>ad</span> <span class='ocrx_word' id='word_1_372' title='bbox 1092 4217 1151 4271; x_wconf 90' lang='lat' dir='ltr'>init.</span> <span class='ocrx_word' id='word_1_373' title='bbox 1190 4217 1254 4271; x_wconf 86' lang='lat' dir='ltr'>The</span> <span class='ocrx_word' id='word_1_374' title='bbox 1266 4217 1360 4273; x_wconf 84' lang='lat' dir='ltr'>words</span> 
     </span>
     <span class='ocr_line' id='line_1_40' title="bbox 209 4300 1360 4374; baseline -0.001 -17"><span class='ocrx_word' id='word_1_375' title='bbox 209 4303 303 4374; x_wconf 90' lang='lat' dir='ltr'>‘quod</span> <span class='ocrx_word' id='word_1_376' title='bbox 315 4313 343 4357; x_wconf 89' lang='lat' dir='ltr'>et</span> <span class='ocrx_word' id='word_1_377' title='bbox 359 4302 412 4372; x_wconf 88' lang='lat' dir='ltr'>ipsi</span> <span class='ocrx_word' id='word_1_378' title='bbox 430 4300 591 4371; x_wconf 88' lang='lat' dir='ltr'>antiquitati</span> <span class='ocrx_word' id='word_1_379' title='bbox 604 4301 821 4371; x_wconf 90' lang='lat' dir='ltr'>vituperandum</span> <span class='ocrx_word' id='word_1_380' title='bbox 840 4301 931 4356; x_wconf 86' lang='lat' dir='ltr'>fuerat</span> <span class='ocrx_word' id='word_1_381' title='bbox 943 4301 1051 4355; x_wconf 88' lang='lat' dir='ltr'>visum’</span> <span class='ocrx_word' id='word_1_382' title='bbox 1063 4302 1150 4354; x_wconf 91' lang='lat' dir='ltr'>relate</span> <span class='ocrx_word' id='word_1_383' title='bbox 1163 4310 1194 4354; x_wconf 92' lang='lat' dir='ltr'>to</span> <span class='ocrx_word' id='word_1_384' title='bbox 1206 4301 1255 4355; x_wconf 90' lang='lat' dir='ltr'>the</span> <span class='ocrx_word' id='word_1_385' title='bbox 1268 4301 1360 4356; x_wconf 85' lang='lat' dir='ltr'>whole</span> 
     </span>
     <span class='ocr_line' id='line_1_41' title="bbox 208 4382 1361 4455; baseline -0.002 -14"><span class='ocrx_word' id='word_1_386' title='bbox 208 4397 351 4453; x_wconf 89' lang='lat' dir='ltr'>sentence,</span> <span class='ocrx_word' id='word_1_387' title='bbox 364 4385 510 4440; x_wconf 89' lang='lat' dir='ltr'>‘ordinem</span> <span class='ocrx_word' id='word_1_388' title='bbox 526 4385 680 4455; x_wconf 89' lang='lat' dir='ltr'>scripturae</span> <span class='ocrx_word' id='word_1_389' title='bbox 694 4384 783 4455; x_wconf 91' lang='lat' dir='ltr'>sequi,</span> <span class='ocrx_word' id='word_1_390' title='bbox 796 4383 889 4454; x_wconf 91' lang='lat' dir='ltr'>sperni</span> <span class='ocrx_word' id='word_1_391' title='bbox 903 4393 999 4438; x_wconf 91' lang='lat' dir='ltr'>autern</span> <span class='ocrx_word' id='word_1_392' title='bbox 1012 4382 1155 4438; x_wconf 89' lang='lat' dir='ltr'>testatoris</span> <span class='ocrx_word' id='word_1_393' title='bbox 1167 4384 1361 4440; x_wconf 69' lang='lat' dir='ltr'>voluntatem!</span> 
     </span>
    </p>

    <p class='ocr_par' dir='ltr' id='par_1_5' title="bbox 245 4465 1359 4539">
     <span class='ocr_line' id='line_1_42' title="bbox 245 4465 1359 4539; baseline -0.003 -14"><span class='ocrx_word' id='word_1_394' title='bbox 245 4467 259 4539; x_wconf 62' lang='grc' dir='ltr'><em>ξ</em></span> <span class='ocrx_word' id='word_1_395' title='bbox 273 4471 323 4525; x_wconf 82' lang='grc'>35.</span> <span class='ocrx_word' id='word_1_396' title='bbox 342 4467 431 4525; x_wconf 87' lang='lat' dir='ltr'>Gaius</span> <span class='ocrx_word' id='word_1_397' title='bbox 444 4485 509 4536; x_wconf 90' lang='lat' dir='ltr'>says</span> <span class='ocrx_word' id='word_1_398' title='bbox 520 4467 559 4537; x_wconf 91' lang='lat' dir='ltr'>(ii.</span> <span class='ocrx_word' id='word_1_399' title='bbox 569 4466 632 4536; x_wconf 87' lang='lat'><strong>23²)</strong></span> <span class='ocrx_word' id='word_1_400' title='bbox 643 4469 705 4523; x_wconf 89' lang='lat' dir='ltr'>that</span> <span class='ocrx_word' id='word_1_401' title='bbox 718 4484 736 4522; x_wconf 92' lang='lat' dir='ltr'>a</span> <span class='ocrx_word' id='word_1_402' title='bbox 748 4469 847 4538; x_wconf 83' lang='lat' dir='ltr'>legacy</span> <span class='ocrx_word' id='word_1_403' title='bbox 860 4466 941 4522; x_wconf 89' lang='lat' dir='ltr'>‘curn</span> <span class='ocrx_word' id='word_1_404' title='bbox 954 4467 1037 4521; x_wconf 87' lang='lat' dir='ltr'>heres</span> <span class='ocrx_word' id='word_1_405' title='bbox 1049 4482 1130 4522; x_wconf 90' lang='lat' dir='ltr'>meus</span> <span class='ocrx_word' id='word_1_406' title='bbox 1142 4465 1359 4522; x_wconf 85' lang='lat' dir='ltr'>morietur’was</span> 
     </span>
    </p>
   </div>
   <div class='ocr_carea' id='block_1_4' title="bbox 0 0 1498 5048">
    <p class='ocr_par' dir='ltr' id='par_1_6' title="bbox 0 0 1498 5048">
     <span class='ocr_line' id='line_1_43' title="bbox 0 0 1498 5048; baseline 0 2"><span class='ocrx_word' id='word_1_407' title='bbox 0 0 1498 5048; x_wconf 95' lang='lat' dir='ltr'> </span> 
     </span>
    </p>
   </div>
  </div>
 </body>
</html>
