2986 5048
209 350 271 438 358
410 352 761 413 [Nsrlwrlonmv
779 352 898 409 LIBRI
916 352 1152 425 QUATTUOR.
1240 356 1308 424 [ua.
1318 362 1367 413 111.

208 524 259 590 his
291 522 401 607 palam
433 530 483 587 est
519 518 718 603 intellegere,
747 518 1030 602 quemadmodum
1060 518 1198 586 ulterius
1226 540 1366 605 quoque

207 629 330 712 gradus
350 644 521 689 numerare
542 624 722 689 debemus:
744 624 868 707 quippe
889 643 1019 706 semper
1033 634 1191 707 generata
1208 644 1365 707 quaeque

208 750 347 814 persona
362 727 501 812 gradum
516 728 648 802 adiciat,
664 736 702 791 ut
716 726 815 810 longe
830 726 959 792 facilius
975 728 1018 792 sit
1033 728 1241 811 respondere,
1255 738 1363 811 quoto

207 837 347 919 quisque
358 834 462 917 gradu
475 834 526 907 sit,
537 851 637 915 quam
649 832 781 915 propria
792 831 997 915 cognationis
1010 830 1232 915 appellatione
1243 852 1363 915 quem·

177 958 308 1021 gquam
334 937 502 1001 denotare.
553 934 778 1018 Adgnationis
804 955 936 1018 quoque
960 935 1083 1018 gradus
1112 936 1230 1000 eodem
1259 940 1363 1002 modo

177 1050 431 1122 9numerantur.
476 1039 545 1105 Sed
568 1059 643 1104 cum
668 1039 773 1121 magis
795 1040 915 1104 veritas
940 1039 1072 1104 oculata
1094 1038 1160 1103 fide
1181 1060 1284 1123 quarn
1302 1062 1363 1125 per

207 1168 302 1212 aures
326 1146 446 1211 animis
472 1145 644 1209 hominum
672 1143 825 1227 infigitur,
852 1145 928 1208 ideo
954 1145 1172 1209 necessarium
1199 1145 1361 1213 duximus

208 1260 284 1334 post
304 1250 525 1314 narrationem
547 1247 710 1329 graduum
732 1248 832 1312 etiam
854 1267 910 1311 eos
930 1248 1096 1331 praesenti
1116 1248 1201 1312 libro
1215 1249 1361 1328 inscribi,

208 1364 371 1437 quatenus
391 1353 520 1435 possint
543 1360 576 1416 ct
599 1351 731 1415 auribus
754 1359 788 1414 et
811 1351 1014 1434 inspectione
1035 1350 1266 1417 adulescentes
1287 1374 1362 1437 per·

208 1456 420 1522 iectissimam
446 1455 607 1538 graduum
640 1454 825 1517 doctrinam
855 1454 1002 1538 adipisci.
1048 1454 1169 1538 (Locus
1197 1457 1234 1521 in
1257 1456 1362 1521 codice

208 1560 424 1643 ananuscrtpto
459 1578 579 1624 vacuus
607 1559 668 1639 qm‘
690 1557 895 1640 genealogice
925 1561 1091 1623 stemmati
1110 1559 1234 1641 suerat
1259 1561 1362 1625 desti·

208 1663 329 1749 status.)

163 1775 195 1829 10
252 1770 340 1834 illud
355 1778 481 1834 certum
498 1766 607 1832 estad
623 1764 755 1831 serviles
770 1768 984 1849 cognationes
999 1767 1089 1832 illam
1105 1778 1233 1852 partem
1249 1770 1361 1851 edicti,

207 1893 273 1956 qua
296 1872 518 1956 proximitatis
540 1870 673 1934 nomine
693 1870 854 1934 bonorum
875 1871 1040 1954 possessio
1060 1873 1273 1955 promittitur,
1294 1894 1361 1939 non

207 1977 389 2059 pertinere:
418 1994 494 2039 nam
525 1994 585 2038 nec
616 1973 683 2036 ulla
708 1974 845 2057 antiqua
875 1974 947 2057 lege
976 1976 1053 2040 talis
1082 1958 1238 2059 cognatio
1269 1997 1362 2042 com·
1416 1990 1421 1999 “

207 2081 397 2164 putabatur.
428 2079 486 2144 sed
503 2089 614 2143 nostra
630 2077 874 2154 constitutione,
887 2099 987 2162 quam
1004 2100 1063 2163 pro
1079 2080 1148 2145 iure
1161 2091 1361 2165 patronatus

208 2184 345 2248 lecimus
368 2179 472 2267 (quod
495 2183 544 2247 ius
569 2203 673 2266 usque
699 2183 742 2246 ad
770 2166 892 2248 nostra
905 2194 1056 2269 tempora
1077 2186 1157 2251 satis
1179 2187 1360 2252 obscurum

207 2297 308 2369 atque
338 2286 425 2350 nube
459 2284 594 2370 plenum
625 2294 659 2350 et
693 2286 839 2369 undique
874 2289 1046 2354 confusum
1081 2287 1201 2375 iuerat)
1231 2300 1266 2355 et
1295 2289 1360 2357 hoc

207 2389 414 2453 humanitate
436 2399 633 2471 suggerente
653 2391 883 2467 concessimus,
904 2401 940 2456 ut
961 2392 988 2457 si
1004 2393 1078 2474 quis
1098 2393 1131 2455 in
1152 2393 1260 2458 servili
1282 2414 1361 2459 con·

207 2494 309 2559 sortio
331 2492 530 2557 constitutus
550 2491 688 2556 liberum
711 2492 763 2557 vel
786 2493 907 2561 liberos
928 2495 1082 2560 habuerit
1099 2497 1169 2561 sive
1191 2517 1237 2560 ex
1255 2495 1361 2563 libera

207 2598 276 2663 sive
298 2597 422 2663 servilis
448 2597 650 2662 condicionis
676 2597 819 2673 muliere,
844 2598 896 2663 vel
922 2611 1036 2665 contra
1058 2621 1151 2665 serva
1173 2600 1293 2666 mulier
1314 2624 1360 2667 ex

205 2701 309 2767 libero
332 2700 384 2765 vel
412 2721 505 2765 servo
531 2701 684 2767 habuerit
712 2701 831 2767 liberos
858 2703 1093 2786 cuiuscumque
1121 2688 1289 2779 sexus'et
1315 2706 1359 2771 ad

207 2807 395 2871 libertatem
416 2806 467 2870 his
489 2808 753 2889 pervenientibus
775 2816 809 2871 et
829 2807 872 2881 hi,
889 2809 945 2890 qui
966 2829 1011 2872 ex
1032 2808 1139 2873 servili
1157 2819 1272 2874 ventre
1289 2812 1360 2876 nati

207 2920 293 2988 sunt,
317 2910 503 2974 libertatem
527 2920 724 2986 meruerunt,
746 2911 799 2974 vel
821 2911 901 2975 dum
927 2911 1081 2977 mulieres
1105 2912 1228 2977 liberae
1255 2928 1359 2995 erant,

208 3014 269 3096 ipsi
300 3015 333 3076 in
364 3013 556 3078 servitutem
587 3035 643 3078 eos
674 3014 859 3080 habuerunt
885 3023 919 3079 et
948 3026 1065 3098 postea
1094 3015 1137 3080 ad
1168 3016 1358 3084 libertatem

206 3126 434 3200 pervenerunt,
466 3125 502 3181 ut
532 3117 566 3179 hi
597 3136 712 3181 omnes
742 3119 785 3182 ad
816 3120 1057 3183 successionem
1087 3119 1140 3183 vel
1170 3121 1275 3203 patris
1305 3123 1359 3186 vel

207 3226 321 3290 matris
336 3226 477 3297 veniant,
494 3234 688 3307 patronatus
711 3223 779 3288 iure
801 3225 833 3287 in
848 3225 910 3289 hac
931 3236 1026 3308 parte
1041 3225 1168 3308 sopito:
1192 3225 1253 3290 hos
1269 3227 1358 3290 enirn

206 3328 326 3392 liberos
358 3346 422 3390 non
454 3326 561 3392 solum
588 3327 620 3390 in
647 3348 780 3392 suorum
805 3330 992 3411 parentium
1020 3328 1272 3406 successionem,
1298 3331 1357 3394 sed

206 3432 305 3495 etiam
333 3431 474 3495 alterum
500 3432 533 3495 in
559 3431 693 3497 alterius
723 3443 871 3496 mutuam
895 3433 1135 3497 successionem
1156 3434 1358 3512 vocavimus,

206 3556 250 3598 ex
281 3535 336 3598 illa
368 3534 440 3617 lege
470 3534 656 3618 specialiter
683 3556 738 3600 eos
767 3546 933 3614 vocantes,
959 3536 1028 3599 sive
1058 3535 1118 3600 soli
1150 3536 1360 3602 inveniantur

205 3639 262 3721 qui
278 3640 311 3702 in
333 3640 489 3704 servitute
512 3640 579 3702 nati
601 3650 634 3704 et
655 3649 770 3723 postea
795 3641 986 3705 manumissi
1009 3649 1094 3717 sunt,
1116 3640 1185 3705 sive
1200 3662 1266 3704 una
1281 3662 1358 3705 cum

206 3743 287 3820 aliis,
318 3744 374 3826 qui
404 3752 480 3826 post
509 3742 695 3808 libertatem
721 3745 906 3827 parentium
934 3744 1084 3826 concepti
1115 3753 1191 3809 sunt
1215 3746 1284 3809 sive
1313 3766 1358 3810 ex

206 3847 323 3910 eadem
348 3857 452 3911 matre
471 3846 524 3910 vel
548 3848 665 3910 eodem
683 3858 777 3931 patre
800 3849 868 3913 sive
891 3869 935 3911 ex
955 3846 1029 3912 aliis
1052 3849 1185 3930 nuptiis,
1205 3849 1248 3912 ad
1268 3848 1359 3914 simi-

205 3951 378 4015 litudinem
396 3970 508 4015 eorum
524 3952 581 4033 qui
597 3972 641 4014 ex
657 3952 751 4016 iustis
767 3953 888 4036 nuptiis
904 3951 1065 4035 procreati
1081 3962 1167 4017 sunt.

239 4141 300 4193 mn
312 4141 370 4192 VI.
385 4136 398 4208 ξ
413 4141 441 4193 9.
462 4140 519 4192 For
533 4155 551 4192 a
567 4139 761 4209 genealogical
779 4141 855 4195 table
870 4139 1027 4209 exhibiting
1044 4140 1093 4195 the
1110 4139 1229 4209 degrees
1246 4140 1280 4195 oi
1292 4156 1358 4212 cog·

207 4221 305 4276 nation
319 4238 367 4276 see
382 4223 516 4277 Hunte1³s
530 4224 641 4277 Roman
657 4224 722 4277 Law
734 4241 761 4294 p.
775 4224 837 4293 651.

241 4302 314 4374 §lu
343 4304 383 4359 Cf.
398 4305 465 4375 Dig.
479 4306 520 4374 38.
544 4306 606 4360 8.1.
627 4321 642 4359 2
664 4306 732 4360 ‘nec
761 4307 838 4361 enim
863 4306 944 4362 facile
963 4307 1021 4361 ulla
1040 4305 1148 4361 servilis
1164 4304 1276 4361 videtur
1294 4323 1359 4364 esse

206 4386 337 4456 cognatio
348 4389 366 4453 ς’
388 4406 420 4443 so
433 4399 489 4457 too,
504 4387 532 4443 in
547 4388 613 4457 Dig.
624 4390 667 4456 38.
684 4405 721 4444 10.
740 4406 780 4445 10.
796 4402 819 4459 5,
833 4390 854 4445 it
867 4390 890 4444 is
902 4390 965 4444 said
977 4391 1047 4459 that,
1060 4389 1168 4459 though
1181 4390 1289 4458 loosely
1302 4406 1358 4447 one

206 4486 272 4539 may
288 4471 376 4541 speak
389 4472 422 4527 of
431 4474 524 4528 slaves
537 4488 569 4527 as
582 4471 668 4542 being
680 4472 729 4527 kin
745 4483 775 4529 to
787 4489 843 4531 one
858 4474 985 4542 another,
999 4473 1052 4530 ‘ad
1067 4474 1144 4545 leges
1162 4471 1278 4530 serviles
1291 4488 1358 4548 eog-
