2986 5048
220 361 285 432 504
423 353 774 410 lnsrrwrrorvuw
790 352 909 407 amm
927 351 1165 425 Quart-oon
1252 355 1317 421 [us
1331 356 1375 408 ιν.

171 535 205 605 ι11
266 521 438 585 Interdum
461 519 538 585 furti
557 527 696 594 tenetur,
712 519 768 602 qui
784 520 855 602 ipse
875 517 998 584 furtum
1021 540 1088 583 non
1110 517 1241 584 fecerit:
1263 520 1373 602 qualis

222 635 283 700 est,
299 625 389 688 cuius
410 644 474 707 ope
495 633 530 689 et
550 623 686 688 consilio
705 623 828 686 furtum
849 622 974 687 factum
997 632 1057 687 est.
1102 622 1218 704 inquo
1234 643 1374 687 numero

222 738 283 803 est,
298 729 355 810 qui
372 727 431 791 tibi
449 747 602 790 nummos
619 726 775 798 excussit,
790 734 826 789 ut
842 724 925 789 alius
940 746 997 789 eos
1016 735 1154 809 raperet,
1170 736 1227 790 aut
1243 726 1375 790 obstitit

222 832 292 909 tibi,
320 841 355 894 ut
380 831 463 894 alius
490 851 559 894 rem
587 840 679 894 tuam
704 830 882 912 exciperet,
909 829 961 892 vel
987 850 1065 893 oves
1088 838 1147 893 aut
1170 830 1272 893 boves
1299 838 1375 893 tuas

223 934 396 1018 fugaverit,
420 944 456 999 ut
481 934 564 997 alius
587 955 643 998 eas
666 934 854 1016 exciperet:
879 943 912 996 et
934 931 998 997 hoc
1020 942 1149 996 veteres
1173 933 1376 1015 scripserunt

223 1042 267 1104 de
297 1060 348 1114 eo,
378 1039 434 1121 qui
465 1058 576 1121 panno
607 1038 705 1101 rubro
737 1036 863 1119 fugavit
892 1048 1089 1101 armentum.
1149 1037 1209 1100 sed
1236 1038 1262 1099 si
1293 1037 1375 1118 quid

224 1163 337 1207 eorum
362 1163 421 1224 per
446 1141 614 1205 lasciviam
638 1150 672 1205 et
698 1160 764 1204 non
795 1141 874 1204 data
901 1160 1009 1221 opera,
1036 1151 1073 1204 ut
1099 1139 1223 1204 furtum
1253 1141 1376 1203 admit·

225 1256 358 1320 teretur,
373 1246 497 1311 factum
520 1254 579 1322 est,
599 1246 632 1308 in
653 1244 776 1308 factum
794 1245 882 1307 actio
904 1244 974 1306 dari
996 1243 1126 1308 debeat.
1171 1254 1207 1309 at
1231 1244 1286 1307 ubi
1311 1265 1377 1327 ope

225 1349 348 1413 Maevii
363 1348 473 1412 Titius
488 1349 610 1412 furtum
623 1347 746 1423 fecerit,
762 1348 862 1411 ambo
876 1346 953 1411 furti
965 1356 1127 1410 tenentur.
1159 1367 1224 1430 ope
1239 1348 1377 1412 consilio

225 1454 295 1517 eius
317 1473 449 1536 quoque
472 1452 593 1517 furtum
616 1451 749 1515 admitti
764 1451 904 1527 videtur,
919 1450 975 1534 qui
995 1450 1100 1515 scalas
1119 1450 1204 1515 forte
1223 1451 1377 1515 fenestris

225 1557 383 1639 supponit
405 1566 463 1621 aut
483 1555 571 1639 ipsas
588 1555 747 1619 fenestras
766 1555 820 1619 vel
840 1556 963 1617 ostium
985 1553 1138 1638 effringit,
1155 1566 1192 1618 ut
1211 1554 1294 1618 alius
1310 1553 1377 1616 fur-

226 1670 297 1724 tum
321 1659 451 1738 faceret,
467 1662 565 1742 quive
585 1660 784 1723 ferramenta
805 1659 849 1722 ad
873 1658 1114 1741 effringendum
1134 1668 1191 1722 aut
1212 1658 1319 1722 scalas
1340 1668 1378 1723 ut

225 1764 377 1829 fenestris
411 1773 674 1847 supponerentur
708 1763 977 1840 commodaverit,
1006 1762 1112 1826 sciens
1145 1761 1236 1826 cuius
1269 1762 1379 1845 gratia

226 1869 494 1933 commodaverit.
526 1878 613 1931 certe
627 1867 684 1950 qui
700 1866 824 1929 nullam
840 1885 975 1948 operam
991 1867 1034 1929 ad
1051 1866 1173 1929 furtum
1189 1865 1378 1929 faciendum

226 1972 387 2048 adhibuit,
411 1973 469 2036 sed
493 1982 622 2036 tantum
647 1969 819 2034 consilium
840 1970 934 2035 dedit
956 1979 1056 2051 atque
1081 1969 1232 2033 hortatus
1256 1978 1307 2034 est
1334 1970 1378 2032 ad

181 2085 213 2138 12
227 2078 349 2140 furtum
373 2076 569 2151 faciendum,
594 2095 659 2139 non
683 2084 814 2138 tenetur
835 2073 922 2137 furti.
971 2074 1027 2151 Hi,
1049 2075 1105 2156 qui
1133 2075 1166 2136 in
1192 2075 1378 2156 parentium

227 2182 279 2245 vel
300 2181 509 2244 dominorum
533 2187 700 2262 potestate
723 2188 809 2253 sunt,
833 2177 860 2241 si
884 2198 953 2241 rem
975 2179 1022 2242 eis
1045 2179 1237 2260 subripiant,
1253 2178 1379 2243 furtum

227 2285 362 2366 quidem
379 2283 442 2347 illis
458 2283 582 2346 faciunt
597 2292 631 2346 et
652 2304 702 2347 res
724 2282 756 2344 in
779 2280 933 2345 furtivam
950 2301 1084 2346 causam
1100 2282 1189 2346 cadit
1208 2302 1268 2346 nec
1284 2282 1328 2346 ob
1344 2282 1379 2345 id

228 2387 271 2451 ab
295 2386 363 2450 ullo
388 2385 522 2468 usucapi
545 2397 665 2468 potest,
690 2395 870 2468 antequam
897 2385 930 2448 in
953 2385 1078 2448 domini
1102 2393 1303 2468 potestatem
1329 2406 1380 2450 re·
1459 2397 1477 2418 ‘

226 2500 380 2567 vertatur,
403 2489 463 2553 sed
486 2489 564 2554 furti
587 2491 673 2553 actio
695 2509 760 2553 non
792 2488 945 2562 nascitur,
972 2490 1048 2571 quia
1071 2508 1130 2552 nec
1158 2510 1202 2553 ex
1224 2488 1288 2553 alia
1311 2488 1380 2554 ulla

227 2615 326 2659 causa
342 2602 452 2677 potest
468 2593 553 2657 inter
568 2614 624 2656 eos
639 2594 727 2657 actio
743 2591 852 2657 nasci:
877 2593 904 2654 si
919 2613 998 2656 vero
1014 2613 1078 2674 ope
1093 2592 1230 2657 consilio
1245 2593 1381 2657 alterius

227 2698 350 2763 furtum
376 2698 499 2762 factum
523 2697 629 2771 fuerit,
656 2697 734 2778 quia
758 2696 873 2778 utique
900 2696 1023 2760 furtum
1050 2696 1276 2775 committitur,
1302 2717 1381 2759 con-

228 2803 398 2866 venienter
417 2801 472 2864 ille
495 2801 570 2864 furti
595 2810 733 2879 tenetur,
753 2800 830 2882 quia
852 2821 967 2863 verum
993 2809 1043 2864 est
1065 2821 1129 2882 ope
1151 2800 1287 2864 consilio
1311 2802 1381 2863 eius

228 2905 352 2970 furtum
368 2905 491 2968 factum
508 2926 589 2968 esse.

229 3136 327 3206 taking
346 3136 389 3191 his
408 3147 541 3206 property
554 3153 632 3205 away
645 3135 716 3190 from
736 3153 754 3189 a
772 3153 875 3205 person
895 3137 958 3191 who
976 3136 1034 3191 had
1053 3154 1130 3191 mere
1149 3137 1294 3192 detention
1313 3139 1346 3192 of
1360 3137 1381 3192 it

229 3221 295 3288 only
308 3219 333 3273 if
341 3220 389 3274 the
399 3221 482 3274 latter
494 3220 551 3273 had
564 3237 582 3273 a
594 3220 667 3287 legal
680 3218 753 3288 right
765 3230 794 3273 to
804 3219 901 3274 detain
915 3219 943 3287 it,
959 3219 1026 3288 Dig.
1036 3232 1080 3285 47.
1089 3234 1114 3273 2.
1127 3233 1165 3288 15.
1180 3235 1204 3288 2,
1213 3238 1237 3275 e.
1243 3237 1269 3289 g.
1284 3238 1301 3275 a
1314 3238 1381 3274 usu-

230 3303 380 3371 fructuary,
394 3302 460 3371 Dig.
476 3302 511 3356 ib.
529 3318 557 3357 1:
577 3303 613 3356 ib.
629 3318 671 3356 20.
689 3317 710 3369 1,
723 3302 780 3356 and
799 3320 816 3356 a
835 3303 911 3356 bona
928 3302 983 3356 fide
996 3320 1153 3373 possessor,
1168 3303 1255 3358 Gaius
1270 3303 1307 3358 iii.
1322 3319 1383 3358 200.

233 3389 257 3440 lt
271 3403 328 3440 was
347 3387 459 3456 equally
472 3386 575 3440 furtum
594 3387 637 3439 for
655 3402 673 3439 a
691 3386 809 3454 pledgor
828 3395 857 3439 to
876 3386 997 3440 alienate
1018 3387 1066 3441 the
1084 3386 1185 3457 pignus
1199 3386 1315 3441 without
1334 3390 1384 3442 the

231 3469 373 3540 pledgee's
396 3480 522 3536 consent,
543 3469 609 3539 Dig.
628 3482 672 3535 47.
692 3485 717 3522 2.
740 3483 778 3537 19.
797 3469 833 3524 6:
852 3468 890 3522 ib.
909 3469 953 3523 66.
990 3470 1052 3524 The
1073 3487 1118 3524 res
1138 3487 1191 3523 sua
1211 3469 1301 3525 which
1325 3488 1383 3524 was

231 3557 322 3609 stolen
335 3556 404 3623 bya
422 3554 553 3609 dominus
573 3572 659 3610 never
676 3555 794 3627 became
813 3555 916 3610 furtiva
935 3572 967 3610 so
986 3572 1017 3609 as
1037 3564 1067 3610 to
1086 3554 1199 3625 impede
1217 3556 1383 3626 usucapion,

233 3638 299 3707 Dig.
314 3637 351 3692 ib.
366 3654 407 3692 20.
425 3654 447 3692 1.

268 3719 281 3790 ξ
296 3724 337 3774 11.
357 3721 531 3775 ‘Consilium
551 3721 618 3776 dare
631 3721 749 3789 videtur,
763 3720 810 3792 qui
830 3722 981 3791 persuadet
994 3732 1021 3776 et
1035 3721 1153 3792 impellit
1169 3733 1254 3794 atque
1271 3722 1384 3778 instruit

232 3804 350 3858 consilio
370 3804 407 3858 ad
425 3804 529 3858 furtum
548 3804 726 3859 faciendum:
746 3822 830 3874 opem
849 3806 910 3870 fert,
930 3805 977 3875 qui
997 3805 1183 3860 ministerium
1201 3818 1286 3876 atque
1305 3807 1384 3861 adiu-

232 3888 334 3943 torium
348 3889 385 3942 ad
398 3887 596 3957 subripiendas
612 3906 656 3942 res
674 3889 805 3958 praebet'
820 3888 884 3958 Dig.
898 3902 942 3954 47.
959 3902 1000 3956 50.
1015 3903 1039 3956 3.
1080 3890 1195 3943 Instead
1207 3890 1240 3944 of
1248 3891 1296 3944 the
1309 3890 1385 3944 actio

233 3972 260 4025 in
274 3972 388 4039 factum,
402 3970 493 4024 which
506 3972 552 4039 lay
565 3970 594 4025 in
608 3973 655 4026 the
669 3988 734 4026 case
748 3973 780 4025 of
789 3971 912 4040 lascivia,
926 3973 1005 4027 there
1019 3973 1110 4026 would
1122 3974 1158 4027 be
1171 3991 1208 4027 an
1221 3973 1296 4028 actio
1308 3973 1385 4028 utilis

233 4056 323 4110 under
336 4055 384 4109 the
398 4056 442 4109 lex
454 4053 568 4125 Aquilia
581 4055 604 4108 if
619 4056 666 4109 the
680 4056 768 4109 alarm
782 4056 814 4108 of
830 4057 877 4110 the
894 4057 979 4110 cattle
993 4066 1021 4110 at
1035 4057 1082 4110 the
1101 4055 1151 4110 red
1164 4074 1215 4124 rag
1227 4056 1273 4110 led
1286 4066 1316 4111 to
1328 4074 1385 4126 any

234 4139 267 4191 of
282 4139 359 4192 them
372 4138 458 4207 being
477 4139 599 4207 actually
612 4139 731 4208 injured,
745 4139 833 4193 Gaius
853 4138 890 4194 iii.
905 4154 966 4205 202,
979 4139 1033 4193 Tit.
1047 4153 1072 4204 4.
1089 4140 1120 4193 16
1134 4139 1191 4205 inf,
1206 4139 1272 4208 Dig.
1286 4154 1328 4206 47.
1343 4154 1385 4209 50.

233 4235 269 4287 43
289 4221 325 4275 ib.
348 4235 399 4289 513
425 4236 450 4289 9.
472 4236 496 4274 2.
516 4235 559 4287 27.
578 4237 619 4276 21.
658 4222 780 4290 Though
802 4224 848 4277 the
868 4238 960 4292 poena
980 4223 1062 4276 could
1084 4223 1120 4276 be
1141 4222 1293 4276 recovered
1312 4224 1384 4277 from

234 4303 405 4357 accessories
419 4320 456 4357 no
469 4305 525 4358 less
543 4306 612 4359 than
630 4304 701 4358 from
721 4304 883 4375 principals,
897 4306 964 4375 they
976 4305 1060 4359 could
1073 4317 1122 4360 not
1135 4306 1172 4360 be
1185 4306 1256 4359 sued
1268 4307 1306 4375 by
1319 4323 1385 4361 con·

235 4385 321 4440 dictio
334 4385 444 4450 furtiva,
458 4387 500 4440 for
513 4386 604 4441 which
618 4405 666 4442 see
679 4405 716 4441 on
731 4387 744 4457 ξ
759 4403 790 4456 19
803 4388 860 4456 int,
874 4388 942 4458 Dig.
956 4403 996 4457 13.
1010 4404 1030 4442 1.
1041 4389 1066 4443 6.

270 4465 344 4537 §12
365 4469 407 4524 cf.
422 4470 475 4522 Bk.
488 4468 516 4523 ii.
529 4470 555 4524 6.
569 4471 585 4524 8
599 4487 674 4541 supr.
715 4471 777 4526 The
797 4480 902 4526 master
920 4471 1004 4528 could
1022 4483 1072 4527 not
1092 4488 1141 4527 sue
1160 4471 1209 4526 the
1227 4472 1313 4543 slave,
1333 4487 1386 4529 nor
