<?xml version="1.0" encoding="UTF-8"?>
<!DOCTYPE html PUBLIC "-//W3C//DTD XHTML 1.0 Transitional//EN"
    "http://www.w3.org/TR/xhtml1/DTD/xhtml1-transitional.dtd">
<html xmlns="http://www.w3.org/1999/xhtml" xml:lang="en" lang="en">
 <head>
  <title>
</title>
<meta http-equiv="Content-Type" content="text/html;charset=utf-8" />
  <meta name='ocr-system' content='tesseract 3.04.00' />
  <meta name='ocr-capabilities' content='ocr_page ocr_carea ocr_par ocr_line ocrx_word'/>
</head>
<body>
  <div class='ocr_page' id='page_1' title='image "./imperatorisiust00goog_0118.png"; bbox 0 0 2986 5048; ppageno 0'>
   <div class='ocr_carea' id='block_1_1' title="bbox 510 344 912 403">
    <p class='ocr_par' dir='ltr' id='par_1_1' title="bbox 510 344 912 403">
     <span class='ocr_line' id='line_1_1' title="bbox 510 344 912 403; baseline -0.012 0"><span class='ocrx_word' id='word_1_1' title='bbox 510 398 513 403; x_wconf 92' lang='lat'>.</span> <span class='ocrx_word' id='word_1_2' title='bbox 577 344 640 399; x_wconf 77' lang='lat' dir='ltr'>DE</span> <span class='ocrx_word' id='word_1_3' title='bbox 659 344 912 401; x_wconf 85' lang='lat' dir='ltr'><em>LIBERTINIS.</em></span> 
     </span>
    </p>
   </div>
   <div class='ocr_carea' id='block_1_2' title="bbox 612 548 879 778">
    <p class='ocr_par' dir='ltr' id='par_1_2' title="bbox 612 548 879 778">
     <span class='ocr_line' id='line_1_2' title="bbox 717 548 775 613; baseline 0.034 -2"><span class='ocrx_word' id='word_1_4' title='bbox 717 548 775 613; x_wconf 89' lang='lat' dir='ltr'>1v.</span> 
     </span>
     <span class='ocr_line' id='line_1_3' title="bbox 612 724 879 778; baseline 0.004 -5"><span class='ocrx_word' id='word_1_5' title='bbox 612 724 663 774; x_wconf 78' lang='lat' dir='ltr'>un</span> <span class='ocrx_word' id='word_1_6' title='bbox 687 725 879 778; x_wconf 78' lang='lat' dir='ltr'>iuoeuurs.</span> 
     </span>
    </p>
   </div>
   <div class='ocr_carea' id='block_1_3' title="bbox 165 869 1380 2598">
    <p class='ocr_par' dir='ltr' id='par_1_3' title="bbox 165 869 1380 2598">
     <span class='ocr_line' id='line_1_4' title="bbox 213 869 1320 955; baseline 0 -21"><span class='ocrx_word' id='word_1_7' title='bbox 213 870 381 955; x_wconf 86' lang='lat' dir='ltr'>Ingenuus</span> <span class='ocrx_word' id='word_1_8' title='bbox 404 870 431 935; x_wconf 92' lang='lat' dir='ltr'>is</span> <span class='ocrx_word' id='word_1_9' title='bbox 454 878 514 947; x_wconf 91' lang='lat' dir='ltr'>est,</span> <span class='ocrx_word' id='word_1_10' title='bbox 530 873 587 954; x_wconf 93' lang='lat' dir='ltr'>qui</span> <span class='ocrx_word' id='word_1_11' title='bbox 610 872 723 938; x_wconf 92' lang='lat' dir='ltr'>statim</span> <span class='ocrx_word' id='word_1_12' title='bbox 746 884 784 938; x_wconf 89' lang='lat' dir='ltr'>ut</span> <span class='ocrx_word' id='word_1_13' title='bbox 807 884 905 938; x_wconf 88' lang='lat' dir='ltr'>natus</span> <span class='ocrx_word' id='word_1_14' title='bbox 928 880 978 938; x_wconf 92' lang='lat' dir='ltr'>est</span> <span class='ocrx_word' id='word_1_15' title='bbox 1000 871 1084 936; x_wconf 90' lang='lat' dir='ltr'>liber</span> <span class='ocrx_word' id='word_1_16' title='bbox 1106 878 1165 946; x_wconf 89' lang='lat' dir='ltr'>est,</span> <span class='ocrx_word' id='word_1_17' title='bbox 1185 869 1253 936; x_wconf 90' lang='lat' dir='ltr'>sive</span> <span class='ocrx_word' id='word_1_18' title='bbox 1275 891 1320 935; x_wconf 85' lang='lat' dir='ltr'>ex</span> 
     </span>
     <span class='ocr_line' id='line_1_5' title="bbox 166 975 1319 1059; baseline -0.001 -20"><span class='ocrx_word' id='word_1_19' title='bbox 166 975 300 1040; x_wconf 92' lang='lat' dir='ltr'>duobus</span> <span class='ocrx_word' id='word_1_20' title='bbox 315 976 464 1059; x_wconf 87' lang='lat' dir='ltr'><strong>ingenuis</strong></span> <span class='ocrx_word' id='word_1_21' title='bbox 487 978 698 1041; x_wconf 88' lang='lat' dir='ltr'>matrimonio</span> <span class='ocrx_word' id='word_1_22' title='bbox 720 977 839 1056; x_wconf 92' lang='lat' dir='ltr'>editus,</span> <span class='ocrx_word' id='word_1_23' title='bbox 854 977 922 1041; x_wconf 89' lang='lat' dir='ltr'>sive</span> <span class='ocrx_word' id='word_1_24' title='bbox 945 998 989 1041; x_wconf 89' lang='lat' dir='ltr'>ex</span> <span class='ocrx_word' id='word_1_25' title='bbox 1007 976 1176 1054; x_wconf 90' lang='lat' dir='ltr'>libertinis,</span> <span class='ocrx_word' id='word_1_26' title='bbox 1191 976 1260 1038; x_wconf 91' lang='lat' dir='ltr'>sive</span> <span class='ocrx_word' id='word_1_27' title='bbox 1276 996 1319 1038; x_wconf 86' lang='lat' dir='ltr'>ex</span> 
     </span>
     <span class='ocr_line' id='line_1_6' title="bbox 166 1078 1320 1163; baseline -0.001 -20"><span class='ocrx_word' id='word_1_28' title='bbox 166 1078 274 1143; x_wconf 88' lang='lat' dir='ltr'>altero</span> <span class='ocrx_word' id='word_1_29' title='bbox 289 1078 441 1143; x_wconf 89' lang='lat' dir='ltr'>libertino</span> <span class='ocrx_word' id='word_1_30' title='bbox 456 1081 561 1144; x_wconf 91' lang='lat' dir='ltr'>altero</span> <span class='ocrx_word' id='word_1_31' title='bbox 582 1081 734 1163; x_wconf 86' lang='lat' dir='ltr'>ingenuo.</span> <span class='ocrx_word' id='word_1_32' title='bbox 779 1080 836 1145; x_wconf 89' lang='lat' dir='ltr'>sed</span> <span class='ocrx_word' id='word_1_33' title='bbox 854 1092 887 1145; x_wconf 89' lang='lat' dir='ltr'>et</span> <span class='ocrx_word' id='word_1_34' title='bbox 902 1082 929 1145; x_wconf 87' lang='lat' dir='ltr'>si</span> <span class='ocrx_word' id='word_1_35' title='bbox 944 1081 1018 1162; x_wconf 91' lang='lat' dir='ltr'>quis</span> <span class='ocrx_word' id='word_1_36' title='bbox 1034 1101 1077 1143; x_wconf 86' lang='lat' dir='ltr'>ex</span> <span class='ocrx_word' id='word_1_37' title='bbox 1095 1090 1200 1143; x_wconf 92' lang='lat' dir='ltr'>matre</span> <span class='ocrx_word' id='word_1_38' title='bbox 1215 1078 1320 1142; x_wconf 89' lang='lat' dir='ltr'>libera</span> 
     </span>
     <span class='ocr_line' id='line_1_7' title="bbox 166 1183 1319 1268; baseline 0 -21"><span class='ocrx_word' id='word_1_39' title='bbox 166 1192 331 1258; x_wconf 89' lang='lat' dir='ltr'>nascatur,</span> <span class='ocrx_word' id='word_1_40' title='bbox 350 1192 444 1266; x_wconf 90' lang='lat' dir='ltr'>patre</span> <span class='ocrx_word' id='word_1_41' title='bbox 465 1204 569 1259; x_wconf 90' lang='lat' dir='ltr'>servo,</span> <span class='ocrx_word' id='word_1_42' title='bbox 586 1185 747 1268; x_wconf 87' lang='lat' dir='ltr'>ingenuus</span> <span class='ocrx_word' id='word_1_43' title='bbox 767 1183 869 1249; x_wconf 78' lang='lat' dir='ltr'>nssiilo</span> <span class='ocrx_word' id='word_1_44' title='bbox 892 1185 1000 1247; x_wconf 92' lang='lat' dir='ltr'>minus</span> <span class='ocrx_word' id='word_1_45' title='bbox 1019 1184 1180 1247; x_wconf 88' lang='lat' dir='ltr'>nascitur:</span> <span class='ocrx_word' id='word_1_46' title='bbox 1204 1204 1319 1266; x_wconf 92' lang='lat' dir='ltr'>quem-</span> 
     </span>
     <span class='ocr_line' id='line_1_8' title="bbox 167 1285 1319 1369; baseline 0.001 -20"><span class='ocrx_word' id='word_1_47' title='bbox 167 1285 350 1349; x_wconf 84' lang='lat' dir='ltr'><strong>admodum</strong></span> <span class='ocrx_word' id='word_1_48' title='bbox 379 1288 434 1369; x_wconf 94' lang='lat' dir='ltr'>qui</span> <span class='ocrx_word' id='word_1_49' title='bbox 465 1308 508 1350; x_wconf 86' lang='lat' dir='ltr'>ex</span> <span class='ocrx_word' id='word_1_50' title='bbox 539 1296 645 1350; x_wconf 91' lang='lat' dir='ltr'>matre</span> <span class='ocrx_word' id='word_1_51' title='bbox 674 1287 779 1351; x_wconf 91' lang='lat' dir='ltr'>libera</span> <span class='ocrx_word' id='word_1_52' title='bbox 804 1298 838 1352; x_wconf 93' lang='lat' dir='ltr'>et</span> <span class='ocrx_word' id='word_1_53' title='bbox 864 1289 988 1351; x_wconf 88' lang='lat' dir='ltr'>incerto</span> <span class='ocrx_word' id='word_1_54' title='bbox 1018 1298 1112 1369; x_wconf 92' lang='lat' dir='ltr'>patre</span> <span class='ocrx_word' id='word_1_55' title='bbox 1141 1296 1319 1359; x_wconf 87' lang='lat' dir='ltr'>natusest,</span> 
     </span>
     <span class='ocr_line' id='line_1_9' title="bbox 166 1389 1321 1473; baseline 0.002 -22"><span class='ocrx_word' id='word_1_56' title='bbox 166 1389 324 1472; x_wconf 92' lang='lat' dir='ltr'>quoniam</span> <span class='ocrx_word' id='word_1_57' title='bbox 348 1390 448 1472; x_wconf 84' lang='lat' dir='ltr'>vulgo</span> <span class='ocrx_word' id='word_1_58' title='bbox 472 1400 651 1473; x_wconf 90' lang='lat' dir='ltr'>conceptus</span> <span class='ocrx_word' id='word_1_59' title='bbox 675 1400 735 1454; x_wconf 89' lang='lat' dir='ltr'>est.</span> <span class='ocrx_word' id='word_1_60' title='bbox 779 1391 898 1455; x_wconf 87' lang='lat' dir='ltr'>sufficit</span> <span class='ocrx_word' id='word_1_61' title='bbox 921 1400 1033 1454; x_wconf 91' lang='lat' dir='ltr'>autem</span> <span class='ocrx_word' id='word_1_62' title='bbox 1059 1390 1197 1454; x_wconf 88' lang='lat' dir='ltr'>liberam</span> <span class='ocrx_word' id='word_1_63' title='bbox 1222 1389 1321 1453; x_wconf 80' lang='lat' dir='ltr'>luisse</span> 
     </span>
     <span class='ocr_line' id='line_1_10' title="bbox 168 1488 1380 1577; baseline 0.001 -21"><span class='ocrx_word' id='word_1_64' title='bbox 168 1500 310 1556; x_wconf 91' lang='lat' dir='ltr'>matrem</span> <span class='ocrx_word' id='word_1_65' title='bbox 327 1514 367 1556; x_wconf 93' lang='lat' dir='ltr'>eo</span> <span class='ocrx_word' id='word_1_66' title='bbox 383 1504 532 1577; x_wconf 86' lang='lat' dir='ltr'>tempore</span> <span class='ocrx_word' id='word_1_67' title='bbox 555 1514 621 1576; x_wconf 94' lang='lat' dir='ltr'>quo</span> <span class='ocrx_word' id='word_1_68' title='bbox 642 1495 794 1570; x_wconf 87' lang='lat' dir='ltr'>nascitur,</span> <span class='ocrx_word' id='word_1_69' title='bbox 811 1494 887 1560; x_wconf 89' lang='lat' dir='ltr'>licet</span> <span class='ocrx_word' id='word_1_70' title='bbox 906 1494 1024 1558; x_wconf 92' lang='lat' dir='ltr'>ancilla</span> <span class='ocrx_word' id='word_1_71' title='bbox 1044 1495 1240 1576; x_wconf 83' lang='lat' dir='ltr'>conceperit.</span> <span class='ocrx_word' id='word_1_72' title='bbox 1286 1503 1321 1557; x_wconf 92' lang='lat' dir='ltr'>et</span> <span class='ocrx_word' id='word_1_73' title='bbox 1377 1488 1380 1494; x_wconf 75' lang='grc'><strong>’</strong></span> 
     </span>
     <span class='ocr_line' id='line_1_11' title="bbox 168 1597 1320 1681; baseline 0.002 -22"><span class='ocrx_word' id='word_1_74' title='bbox 168 1617 215 1660; x_wconf 87' lang='lat' dir='ltr'>ex</span> <span class='ocrx_word' id='word_1_75' title='bbox 238 1597 401 1661; x_wconf 89' lang='lat' dir='ltr'>contrario</span> <span class='ocrx_word' id='word_1_76' title='bbox 424 1598 451 1660; x_wconf 90' lang='lat' dir='ltr'>si</span> <span class='ocrx_word' id='word_1_77' title='bbox 476 1597 577 1662; x_wconf 89' lang='lat' dir='ltr'>libera</span> <span class='ocrx_word' id='word_1_78' title='bbox 603 1600 798 1681; x_wconf 81' lang='lat' dir='ltr'>conceperit,</span> <span class='ocrx_word' id='word_1_79' title='bbox 814 1599 936 1662; x_wconf 91' lang='lat' dir='ltr'>deinde</span> <span class='ocrx_word' id='word_1_80' title='bbox 958 1597 1076 1662; x_wconf 91' lang='lat' dir='ltr'>ancilla</span> <span class='ocrx_word' id='word_1_81' title='bbox 1099 1597 1186 1660; x_wconf 87' lang='lat' dir='ltr'>lacta</span> <span class='ocrx_word' id='word_1_82' title='bbox 1205 1597 1320 1680; x_wconf 88' lang='lat' dir='ltr'>pariat,</span> 
     </span>
     <span class='ocr_line' id='line_1_12' title="bbox 166 1699 1321 1784; baseline -0.001 -20"><span class='ocrx_word' id='word_1_83' title='bbox 166 1699 293 1784; x_wconf 88' lang='lat' dir='ltr'>placuit</span> <span class='ocrx_word' id='word_1_84' title='bbox 315 1721 391 1764; x_wconf 93' lang='lat' dir='ltr'>eum</span> <span class='ocrx_word' id='word_1_85' title='bbox 414 1703 470 1784; x_wconf 94' lang='lat' dir='ltr'>qui</span> <span class='ocrx_word' id='word_1_86' title='bbox 492 1704 637 1767; x_wconf 89' lang='lat' dir='ltr'>nascitur</span> <span class='ocrx_word' id='word_1_87' title='bbox 657 1702 797 1766; x_wconf 88' lang='lat' dir='ltr'>liberum</span> <span class='ocrx_word' id='word_1_88' title='bbox 820 1703 919 1777; x_wconf 91' lang='lat' dir='ltr'>nasci,</span> <span class='ocrx_word' id='word_1_89' title='bbox 936 1703 1012 1784; x_wconf 88' lang='lat' dir='ltr'>quia</span> <span class='ocrx_word' id='word_1_90' title='bbox 1031 1721 1097 1764; x_wconf 92' lang='lat' dir='ltr'>non</span> <span class='ocrx_word' id='word_1_91' title='bbox 1118 1701 1218 1765; x_wconf 91' lang='lat' dir='ltr'>debet</span> <span class='ocrx_word' id='word_1_92' title='bbox 1233 1699 1321 1764; x_wconf 88' lang='lat' dir='ltr'>cala-</span> 
     </span>
     <span class='ocr_line' id='line_1_13' title="bbox 167 1803 1321 1889; baseline 0.001 -22"><span class='ocrx_word' id='word_1_93' title='bbox 167 1803 268 1868; x_wconf 90' lang='lat' dir='ltr'>mitas</span> <span class='ocrx_word' id='word_1_94' title='bbox 298 1806 413 1868; x_wconf 91' lang='lat' dir='ltr'>matris</span> <span class='ocrx_word' id='word_1_95' title='bbox 442 1807 472 1869; x_wconf 90' lang='lat' dir='ltr'>ei</span> <span class='ocrx_word' id='word_1_96' title='bbox 502 1825 627 1884; x_wconf 92' lang='lat' dir='ltr'>nocere,</span> <span class='ocrx_word' id='word_1_97' title='bbox 657 1808 713 1889; x_wconf 93' lang='lat' dir='ltr'>qui</span> <span class='ocrx_word' id='word_1_98' title='bbox 744 1807 776 1869; x_wconf 94' lang='lat' dir='ltr'>in</span> <span class='ocrx_word' id='word_1_99' title='bbox 806 1816 901 1871; x_wconf 86' lang='lat' dir='ltr'>utero</span> <span class='ocrx_word' id='word_1_100' title='bbox 930 1815 989 1870; x_wconf 91' lang='lat' dir='ltr'>est.</span> <span class='ocrx_word' id='word_1_101' title='bbox 1033 1827 1078 1870; x_wconf 85' lang='lat' dir='ltr'>ex</span> <span class='ocrx_word' id='word_1_102' title='bbox 1104 1805 1155 1868; x_wconf 91' lang='lat' dir='ltr'>his</span> <span class='ocrx_word' id='word_1_103' title='bbox 1182 1814 1215 1868; x_wconf 93' lang='lat' dir='ltr'>et</span> <span class='ocrx_word' id='word_1_104' title='bbox 1239 1804 1321 1868; x_wconf 93' lang='lat' dir='ltr'>illud</span> 
     </span>
     <span class='ocr_line' id='line_1_14' title="bbox 167 1907 1320 1994; baseline 0.003 -25"><span class='ocrx_word' id='word_1_105' title='bbox 167 1907 354 1989; x_wconf 88' lang='lat' dir='ltr'>quaesitum</span> <span class='ocrx_word' id='word_1_106' title='bbox 382 1918 442 1984; x_wconf 90' lang='lat' dir='ltr'>est,</span> <span class='ocrx_word' id='word_1_107' title='bbox 467 1911 495 1972; x_wconf 87' lang='lat' dir='ltr'>si</span> <span class='ocrx_word' id='word_1_108' title='bbox 525 1910 644 1973; x_wconf 91' lang='lat' dir='ltr'>ancilla</span> <span class='ocrx_word' id='word_1_109' title='bbox 676 1929 861 1994; x_wconf 87' lang='lat' dir='ltr'>praegnans</span> <span class='ocrx_word' id='word_1_110' title='bbox 891 1910 1091 1973; x_wconf 88' lang='lat' dir='ltr'>manumissa</span> <span class='ocrx_word' id='word_1_111' title='bbox 1121 1910 1172 1986; x_wconf 88' lang='lat' dir='ltr'>sit,</span> <span class='ocrx_word' id='word_1_112' title='bbox 1198 1908 1320 1973; x_wconf 89' lang='lat' dir='ltr'>deinde</span> 
     </span>
     <span class='ocr_line' id='line_1_15' title="bbox 166 2008 1320 2096; baseline 0.003 -23"><span class='ocrx_word' id='word_1_113' title='bbox 166 2008 287 2074; x_wconf 89' lang='lat' dir='ltr'>ancilla</span> <span class='ocrx_word' id='word_1_114' title='bbox 312 2022 430 2093; x_wconf 86' lang='lat' dir='ltr'>postea</span> <span class='ocrx_word' id='word_1_115' title='bbox 455 2010 541 2076; x_wconf 87' lang='lat' dir='ltr'>facta</span> <span class='ocrx_word' id='word_1_116' title='bbox 574 2015 710 2096; x_wconf 88' lang='lat' dir='ltr'>peperit,</span> <span class='ocrx_word' id='word_1_117' title='bbox 736 2013 874 2078; x_wconf 90' lang='lat' dir='ltr'>libemm</span> <span class='ocrx_word' id='word_1_118' title='bbox 901 2034 944 2076; x_wconf 92' lang='lat' dir='ltr'>an</span> <span class='ocrx_word' id='word_1_119' title='bbox 970 2033 1098 2076; x_wconf 88' lang='lat' dir='ltr'>servum</span> <span class='ocrx_word' id='word_1_120' title='bbox 1126 2009 1252 2096; x_wconf 87' lang='lat' dir='ltr'>pariat?</span> <span class='ocrx_word' id='word_1_121' title='bbox 1286 2021 1320 2076; x_wconf 89' lang='lat' dir='ltr'>et</span> 
     </span>
     <span class='ocr_line' id='line_1_16' title="bbox 168 2112 1320 2198; baseline 0.003 -22"><span class='ocrx_word' id='word_1_122' title='bbox 168 2112 347 2177; x_wconf 85' lang='lat' dir='ltr'>Marcellus</span> <span class='ocrx_word' id='word_1_123' title='bbox 362 2115 482 2198; x_wconf 92' lang='lat' dir='ltr'>probat</span> <span class='ocrx_word' id='word_1_124' title='bbox 499 2115 638 2179; x_wconf 90' lang='lat' dir='ltr'>liberum</span> <span class='ocrx_word' id='word_1_125' title='bbox 659 2118 768 2181; x_wconf 89' lang='lat' dir='ltr'>nasci:</span> <span class='ocrx_word' id='word_1_126' title='bbox 792 2117 910 2181; x_wconf 84' lang='lat' dir='ltr'>sufficit</span> <span class='ocrx_word' id='word_1_127' title='bbox 930 2117 1017 2180; x_wconf 89' lang='lat' dir='ltr'>enirn</span> <span class='ocrx_word' id='word_1_128' title='bbox 1040 2117 1069 2179; x_wconf 91' lang='lat' dir='ltr'>ei</span> <span class='ocrx_word' id='word_1_129' title='bbox 1085 2117 1141 2197; x_wconf 91' lang='lat' dir='ltr'>qui</span> <span class='ocrx_word' id='word_1_130' title='bbox 1157 2117 1190 2179; x_wconf 94' lang='lat' dir='ltr'>in</span> <span class='ocrx_word' id='word_1_131' title='bbox 1206 2127 1320 2180; x_wconf 89' lang='lat' dir='ltr'>ventre</span> 
     </span>
     <span class='ocr_line' id='line_1_17' title="bbox 166 2217 1321 2302; baseline 0.003 -23"><span class='ocrx_word' id='word_1_132' title='bbox 166 2226 223 2280; x_wconf 81' lang='lat' dir='ltr'>est</span> <span class='ocrx_word' id='word_1_133' title='bbox 247 2217 384 2281; x_wconf 85' lang='lat' dir='ltr'>liberam</span> <span class='ocrx_word' id='word_1_134' title='bbox 408 2227 548 2283; x_wconf 90' lang='lat' dir='ltr'>matrem</span> <span class='ocrx_word' id='word_1_135' title='bbox 574 2219 627 2283; x_wconf 89' lang='lat' dir='ltr'>vel</span> <span class='ocrx_word' id='word_1_136' title='bbox 653 2222 765 2284; x_wconf 88' lang='lat' dir='ltr'>medio</span> <span class='ocrx_word' id='word_1_137' title='bbox 790 2231 941 2302; x_wconf 90' lang='lat' dir='ltr'>tempore</span> <span class='ocrx_word' id='word_1_138' title='bbox 967 2219 1140 2283; x_wconf 90' lang='lat' dir='ltr'>habuisse:</span> <span class='ocrx_word' id='word_1_139' title='bbox 1172 2221 1261 2302; x_wconf 91' lang='lat' dir='ltr'>quod</span> <span class='ocrx_word' id='word_1_140' title='bbox 1285 2229 1321 2284; x_wconf 90' lang='lat' dir='ltr'>et</span> 
     </span>
     <span class='ocr_line' id='line_1_18' title="bbox 165 2318 1347 2407; baseline -0.002 -24"><span class='ocrx_word' id='word_1_141' title='bbox 165 2340 283 2384; x_wconf 85' lang='lat' dir='ltr'>verum</span> <span class='ocrx_word' id='word_1_142' title='bbox 300 2330 360 2385; x_wconf 88' lang='lat' dir='ltr'>est.</span> <span class='ocrx_word' id='word_1_143' title='bbox 406 2318 490 2385; x_wconf 91' lang='lat' dir='ltr'>Cum</span> <span class='ocrx_word' id='word_1_144' title='bbox 506 2332 617 2387; x_wconf 89' lang='lat' dir='ltr'>autem</span> <span class='ocrx_word' id='word_1_145' title='bbox 637 2324 795 2407; x_wconf 85' lang='lat' dir='ltr'>ingenuus</span> <span class='ocrx_word' id='word_1_146' title='bbox 815 2323 932 2407; x_wconf 90' lang='lat' dir='ltr'>aliquis</span> <span class='ocrx_word' id='word_1_147' title='bbox 955 2333 1052 2387; x_wconf 91' lang='lat' dir='ltr'>natus</span> <span class='ocrx_word' id='word_1_148' title='bbox 1067 2325 1120 2399; x_wconf 88' lang='lat' dir='ltr'>sit,</span> <span class='ocrx_word' id='word_1_149' title='bbox 1136 2344 1202 2387; x_wconf 92' lang='lat' dir='ltr'>non</span> <span class='ocrx_word' id='word_1_150' title='bbox 1217 2322 1320 2388; x_wconf 86' lang='lat' dir='ltr'>officit</span> <span class='ocrx_word' id='word_1_151' title='bbox 1334 2329 1347 2381; x_wconf 93' lang='lat' dir='ltr'>l</span> 
     </span>
     <span class='ocr_line' id='line_1_19' title="bbox 167 2423 1320 2512; baseline 0.003 -25"><span class='ocrx_word' id='word_1_152' title='bbox 167 2423 217 2488; x_wconf 90' lang='lat' dir='ltr'>illi</span> <span class='ocrx_word' id='word_1_153' title='bbox 232 2426 264 2488; x_wconf 93' lang='lat' dir='ltr'>in</span> <span class='ocrx_word' id='word_1_154' title='bbox 280 2426 437 2489; x_wconf 85' lang='lat' dir='ltr'>servitute</span> <span class='ocrx_word' id='word_1_155' title='bbox 458 2425 557 2491; x_wconf 81' lang='lat' dir='ltr'>fuisse</span> <span class='ocrx_word' id='word_1_156' title='bbox 575 2436 609 2491; x_wconf 92' lang='lat' dir='ltr'>et</span> <span class='ocrx_word' id='word_1_157' title='bbox 626 2438 743 2512; x_wconf 88' lang='lat' dir='ltr'>postea</span> <span class='ocrx_word' id='word_1_158' title='bbox 763 2429 998 2492; x_wconf 90' lang='lat' dir='ltr'>manumissum</span> <span class='ocrx_word' id='word_1_159' title='bbox 1015 2449 1106 2492; x_wconf 89' lang='lat' dir='ltr'>esse:</span> <span class='ocrx_word' id='word_1_160' title='bbox 1129 2428 1320 2511; x_wconf 86' lang='lat' dir='ltr'>saepissime</span> 
     </span>
     <span class='ocr_line' id='line_1_20' title="bbox 168 2531 1278 2598; baseline 0.003 -3"><span class='ocrx_word' id='word_1_161' title='bbox 168 2531 258 2595; x_wconf 89' lang='lat' dir='ltr'>enim</span> <span class='ocrx_word' id='word_1_162' title='bbox 274 2533 489 2597; x_wconf 88' lang='lat' dir='ltr'>constitutum</span> <span class='ocrx_word' id='word_1_163' title='bbox 504 2545 555 2598; x_wconf 89' lang='lat' dir='ltr'>est</span> <span class='ocrx_word' id='word_1_164' title='bbox 571 2534 735 2598; x_wconf 87' lang='lat' dir='ltr'>natalibus</span> <span class='ocrx_word' id='word_1_165' title='bbox 751 2555 817 2598; x_wconf 92' lang='lat' dir='ltr'>non</span> <span class='ocrx_word' id='word_1_166' title='bbox 832 2534 962 2598; x_wconf 84' lang='lat' dir='ltr'>officere</span> <span class='ocrx_word' id='word_1_167' title='bbox 978 2535 1278 2598; x_wconf 87' lang='lat' dir='ltr'>manumissionem.</span> 
     </span>
    </p>
   </div>
   <div class='ocr_carea' id='block_1_4' title="bbox 602 2784 889 2988">
    <p class='ocr_par' dir='ltr' id='par_1_4' title="bbox 602 2784 889 2988">
     <span class='ocr_line' id='line_1_21' title="bbox 726 2784 767 2849; baseline 0 0"><span class='ocrx_word' id='word_1_168' title='bbox 726 2784 767 2849; x_wconf 92' lang='lat' dir='ltr'>V.</span> 
     </span>
     <span class='ocr_line' id='line_1_22' title="bbox 602 2936 889 2988; baseline 0.003 -2"><span class='ocrx_word' id='word_1_169' title='bbox 602 2936 651 2987; x_wconf 79' lang='lat' dir='ltr'>un</span> <span class='ocrx_word' id='word_1_170' title='bbox 669 2936 889 2988; x_wconf 75' lang='lat' dir='ltr'>mesanum.</span> 
     </span>
    </p>
   </div>
   <div class='ocr_carea' id='block_1_5' title="bbox 168 3059 1320 3247">
    <p class='ocr_par' dir='ltr' id='par_1_5' title="bbox 168 3059 1320 3247">
     <span class='ocr_line' id='line_1_23' title="bbox 214 3059 1319 3144; baseline -0.004 -20"><span class='ocrx_word' id='word_1_171' title='bbox 214 3060 375 3125; x_wconf 88' lang='lat' dir='ltr'>Libertini</span> <span class='ocrx_word' id='word_1_172' title='bbox 408 3070 493 3140; x_wconf 90' lang='lat' dir='ltr'>sunt,</span> <span class='ocrx_word' id='word_1_173' title='bbox 523 3062 579 3144; x_wconf 90' lang='lat' dir='ltr'>qui</span> <span class='ocrx_word' id='word_1_174' title='bbox 615 3081 659 3124; x_wconf 90' lang='lat' dir='ltr'>ex</span> <span class='ocrx_word' id='word_1_175' title='bbox 695 3062 779 3125; x_wconf 90' lang='lat' dir='ltr'>iusta</span> <span class='ocrx_word' id='word_1_176' title='bbox 816 3062 973 3126; x_wconf 88' lang='lat' dir='ltr'>servitute</span> <span class='ocrx_word' id='word_1_177' title='bbox 1007 3059 1198 3124; x_wconf 91' lang='lat' dir='ltr'>manumissi</span> <span class='ocrx_word' id='word_1_178' title='bbox 1233 3069 1319 3123; x_wconf 88' lang='lat' dir='ltr'>sunt.</span> 
     </span>
     <span class='ocr_line' id='line_1_24' title="bbox 168 3163 1320 3247; baseline -0.002 -21"><span class='ocrx_word' id='word_1_179' title='bbox 168 3166 384 3228; x_wconf 90' lang='lat' dir='ltr'>manumissio</span> <span class='ocrx_word' id='word_1_180' title='bbox 406 3174 518 3228; x_wconf 90' lang='lat' dir='ltr'>autem</span> <span class='ocrx_word' id='word_1_181' title='bbox 542 3174 593 3229; x_wconf 90' lang='lat' dir='ltr'>est</span> <span class='ocrx_word' id='word_1_182' title='bbox 615 3164 707 3228; x_wconf 86' lang='lat' dir='ltr'>datio</span> <span class='ocrx_word' id='word_1_183' title='bbox 729 3164 908 3229; x_wconf 87' lang='lat' dir='ltr'>libertatis:</span> <span class='ocrx_word' id='word_1_184' title='bbox 933 3184 1010 3229; x_wconf 88' lang='lat' dir='ltr'>nam</span> <span class='ocrx_word' id='word_1_185' title='bbox 1027 3163 1184 3247; x_wconf 91' lang='lat' dir='ltr'>quamdiu</span> <span class='ocrx_word' id='word_1_186' title='bbox 1199 3164 1271 3245; x_wconf 93' lang='lat' dir='ltr'>quis</span> <span class='ocrx_word' id='word_1_187' title='bbox 1287 3164 1320 3225; x_wconf 92' lang='lat' dir='ltr'>in</span> 
     </span>
    </p>
   </div>
   <div class='ocr_carea' id='block_1_6' title="bbox 167 3359 1321 4515">
    <p class='ocr_par' dir='ltr' id='par_1_6' title="bbox 167 3359 1320 3516">
     <span class='ocr_line' id='line_1_25' title="bbox 167 3359 1320 3431; baseline -0.004 -13"><span class='ocrx_word' id='word_1_188' title='bbox 167 3361 266 3418; x_wconf 87' lang='lat' dir='ltr'>derive</span> <span class='ocrx_word' id='word_1_189' title='bbox 279 3363 427 3418; x_wconf 87' lang='lat' dir='ltr'>colonatus</span> <span class='ocrx_word' id='word_1_190' title='bbox 438 3363 511 3417; x_wconf 84' lang='lat' dir='ltr'>from</span> <span class='ocrx_word' id='word_1_191' title='bbox 528 3361 664 3431; x_wconf 88' lang='lat' dir='ltr'>repeated</span> <span class='ocrx_word' id='word_1_192' title='bbox 678 3362 855 3417; x_wconf 88' lang='lat' dir='ltr'>settlements</span> <span class='ocrx_word' id='word_1_193' title='bbox 870 3363 903 3417; x_wconf 83' lang='lat' dir='ltr'>oi</span> <span class='ocrx_word' id='word_1_194' title='bbox 911 3363 1054 3418; x_wconf 88' lang='lat' dir='ltr'>homeless</span> <span class='ocrx_word' id='word_1_195' title='bbox 1066 3360 1124 3416; x_wconf 90' lang='lat' dir='ltr'>and</span> <span class='ocrx_word' id='word_1_196' title='bbox 1142 3359 1320 3415; x_wconf 83' lang='lat' dir='ltr'>home-seck-</span> 
     </span>
     <span class='ocr_line' id='line_1_26' title="bbox 167 3445 795 3516; baseline -0.002 -15"><span class='ocrx_word' id='word_1_197' title='bbox 167 3445 219 3516; x_wconf 81' lang='lat' dir='ltr'>ing</span> <span class='ocrx_word' id='word_1_198' title='bbox 231 3445 397 3501; x_wconf 83' lang='lat' dir='ltr'>barbarians</span> <span class='ocrx_word' id='word_1_199' title='bbox 410 3446 439 3501; x_wconf 92' lang='lat' dir='ltr'>in</span> <span class='ocrx_word' id='word_1_200' title='bbox 452 3447 501 3502; x_wconf 90' lang='lat' dir='ltr'>the</span> <span class='ocrx_word' id='word_1_201' title='bbox 514 3448 626 3500; x_wconf 89' lang='lat' dir='ltr'>Roman</span> <span class='ocrx_word' id='word_1_202' title='bbox 639 3445 795 3515; x_wconf 77' lang='lat' dir='ltr'>provinces</span> 
     </span>
    </p>

    <p class='ocr_par' dir='ltr' id='par_1_7' title="bbox 167 3525 1321 4332">
     <span class='ocr_line' id='line_1_27' title="bbox 204 3525 1320 3597; baseline -0.004 -13"><span class='ocrx_word' id='word_1_203' title='bbox 204 3532 266 3584; x_wconf 72' lang='lat' dir='ltr'>&#39;Pit</span> <span class='ocrx_word' id='word_1_204' title='bbox 278 3532 333 3584; x_wconf 88' lang='lat' dir='ltr'>IV.</span> <span class='ocrx_word' id='word_1_205' title='bbox 353 3531 416 3585; x_wconf 85' lang='lat' dir='ltr'>The</span> <span class='ocrx_word' id='word_1_206' title='bbox 434 3530 488 3583; x_wconf 90' lang='lat' dir='ltr'>law</span> <span class='ocrx_word' id='word_1_207' title='bbox 506 3545 538 3583; x_wconf 92' lang='lat' dir='ltr'>as</span> <span class='ocrx_word' id='word_1_208' title='bbox 554 3527 648 3583; x_wconf 83' lang='lat' dir='ltr'>stated</span> <span class='ocrx_word' id='word_1_209' title='bbox 665 3527 694 3582; x_wconf 89' lang='lat' dir='ltr'>in</span> <span class='ocrx_word' id='word_1_210' title='bbox 713 3529 761 3584; x_wconf 87' lang='lat' dir='ltr'>the</span> <span class='ocrx_word' id='word_1_211' title='bbox 780 3529 873 3584; x_wconf 86' lang='lat' dir='ltr'>words</span> <span class='ocrx_word' id='word_1_212' title='bbox 892 3529 936 3585; x_wconf 89' lang='lat' dir='ltr'>‘et</span> <span class='ocrx_word' id='word_1_213' title='bbox 956 3547 990 3584; x_wconf 86' lang='lat' dir='ltr'>ex</span> <span class='ocrx_word' id='word_1_214' title='bbox 1009 3527 1150 3584; x_wconf 87' lang='lat' dir='ltr'>contrario</span> <span class='ocrx_word' id='word_1_215' title='bbox 1166 3569 1173 3583; x_wconf 87' lang='lat'><em>.</em></span> <span class='ocrx_word' id='word_1_216' title='bbox 1187 3566 1194 3580; x_wconf 93' lang='lat'><em>.</em></span> <span class='ocrx_word' id='word_1_217' title='bbox 1207 3568 1214 3581; x_wconf 94' lang='lat'><strong><em>.</em></strong></span> <span class='ocrx_word' id='word_1_218' title='bbox 1229 3525 1277 3597; x_wconf 92' lang='lat' dir='ltr'>qui</span> <span class='ocrx_word' id='word_1_219' title='bbox 1291 3525 1320 3581; x_wconf 92' lang='lat' dir='ltr'>in</span> 
     </span>
     <span class='ocr_line' id='line_1_28' title="bbox 168 3609 1321 3681; baseline -0.004 -13"><span class='ocrx_word' id='word_1_220' title='bbox 168 3623 250 3668; x_wconf 79' lang='lat' dir='ltr'>utero</span> <span class='ocrx_word' id='word_1_221' title='bbox 263 3614 324 3681; x_wconf 87' lang='lat' dir='ltr'>est,’</span> <span class='ocrx_word' id='word_1_222' title='bbox 336 3613 431 3669; x_wconf 71' lang='lat' dir='ltr'>unless</span> <span class='ocrx_word' id='word_1_223' title='bbox 444 3614 492 3668; x_wconf 91' lang='lat' dir='ltr'>the</span> <span class='ocrx_word' id='word_1_224' title='bbox 505 3610 582 3667; x_wconf 89' lang='lat' dir='ltr'>child</span> <span class='ocrx_word' id='word_1_225' title='bbox 599 3629 656 3666; x_wconf 86' lang='lat' dir='ltr'>was</span> <span class='ocrx_word' id='word_1_226' title='bbox 672 3612 826 3667; x_wconf 88' lang='lat' dir='ltr'>conceived</span> <span class='ocrx_word' id='word_1_227' title='bbox 846 3613 874 3666; x_wconf 93' lang='lat' dir='ltr'>in</span> <span class='ocrx_word' id='word_1_228' title='bbox 894 3613 986 3667; x_wconf 85' lang='lat' dir='ltr'>lawiul</span> <span class='ocrx_word' id='word_1_229' title='bbox 999 3611 1134 3680; x_wconf 82' lang='lat' dir='ltr'>wedlock,</span> <span class='ocrx_word' id='word_1_230' title='bbox 1148 3609 1172 3664; x_wconf 91' lang='lat' dir='ltr'>is</span> <span class='ocrx_word' id='word_1_231' title='bbox 1189 3621 1321 3679; x_wconf 86' lang='lat' dir='ltr'>contrary</span> 
     </span>
     <span class='ocr_line' id='line_1_29' title="bbox 167 3692 1320 3766; baseline -0.004 -15"><span class='ocrx_word' id='word_1_232' title='bbox 167 3705 200 3751; x_wconf 91' lang='lat' dir='ltr'>to</span> <span class='ocrx_word' id='word_1_233' title='bbox 213 3695 262 3751; x_wconf 87' lang='lat' dir='ltr'>the</span> <span class='ocrx_word' id='word_1_234' title='bbox 274 3695 410 3765; x_wconf 88' lang='lat' dir='ltr'>principle</span> <span class='ocrx_word' id='word_1_235' title='bbox 423 3695 481 3750; x_wconf 91' lang='lat' dir='ltr'>laid</span> <span class='ocrx_word' id='word_1_236' title='bbox 496 3694 579 3749; x_wconf 93' lang='lat' dir='ltr'>down</span> <span class='ocrx_word' id='word_1_237' title='bbox 592 3695 630 3764; x_wconf 91' lang='lat' dir='ltr'>by</span> <span class='ocrx_word' id='word_1_238' title='bbox 644 3692 733 3749; x_wconf 90' lang='lat' dir='ltr'>Gaius</span> <span class='ocrx_word' id='word_1_239' title='bbox 746 3695 763 3751; x_wconf 90' lang='lat' dir='ltr'>i.</span> <span class='ocrx_word' id='word_1_240' title='bbox 777 3696 820 3751; x_wconf 89' lang='lat'>88.</span> <span class='ocrx_word' id='word_1_241' title='bbox 833 3709 868 3765; x_wconf 86' lang='lat'>92</span> <span class='ocrx_word' id='word_1_242' title='bbox 882 3695 946 3766; x_wconf 88' lang='lat' dir='ltr'>‘qui</span> <span class='ocrx_word' id='word_1_243' title='bbox 960 3695 1105 3765; x_wconf 83' lang='lat' dir='ltr'>illegitime</span> <span class='ocrx_word' id='word_1_244' title='bbox 1115 3692 1320 3763; x_wconf 88' lang='lat' dir='ltr'>concipiuntur,</span> 
     </span>
     <span class='ocr_line' id='line_1_30' title="bbox 168 3776 1320 3850; baseline -0.004 -16"><span class='ocrx_word' id='word_1_245' title='bbox 168 3787 276 3834; x_wconf 85' lang='lat' dir='ltr'>statum</span> <span class='ocrx_word' id='word_1_246' title='bbox 289 3790 403 3834; x_wconf 91' lang='lat' dir='ltr'>sumunt</span> <span class='ocrx_word' id='word_1_247' title='bbox 416 3796 498 3834; x_wconf 85' lang='lat' dir='ltr'>exeo</span> <span class='ocrx_word' id='word_1_248' title='bbox 510 3788 647 3849; x_wconf 86' lang='lat' dir='ltr'>tempore,</span> <span class='ocrx_word' id='word_1_249' title='bbox 660 3795 717 3849; x_wconf 93' lang='lat' dir='ltr'>quo</span> <span class='ocrx_word' id='word_1_250' title='bbox 729 3789 899 3834; x_wconf 91' lang='lat' dir='ltr'>nascuntur:</span> <span class='ocrx_word' id='word_1_251' title='bbox 914 3779 961 3850; x_wconf 92' lang='lat' dir='ltr'>qui</span> <span class='ocrx_word' id='word_1_252' title='bbox 975 3777 1099 3850; x_wconf 85' lang='lat' dir='ltr'>legitime</span> <span class='ocrx_word' id='word_1_253' title='bbox 1116 3776 1320 3847; x_wconf 90' lang='lat' dir='ltr'>concipiuntur,</span> 
     </span>
     <span class='ocr_line' id='line_1_31' title="bbox 169 3860 1321 3933; baseline -0.003 -16"><span class='ocrx_word' id='word_1_254' title='bbox 169 3879 206 3917; x_wconf 82' lang='lat' dir='ltr'>ex</span> <span class='ocrx_word' id='word_1_255' title='bbox 224 3861 418 3931; x_wconf 85' lang='lat' dir='ltr'>conceptionis</span> <span class='ocrx_word' id='word_1_256' title='bbox 437 3864 582 3933; x_wconf 89' lang='lat' dir='ltr'>tempore’</span> <span class='ocrx_word' id='word_1_257' title='bbox 597 3861 689 3917; x_wconf 84' lang='lat' dir='ltr'>which</span> <span class='ocrx_word' id='word_1_258' title='bbox 708 3861 732 3916; x_wconf 87' lang='lat' dir='ltr'>is</span> <span class='ocrx_word' id='word_1_259' title='bbox 749 3862 905 3917; x_wconf 87' lang='lat' dir='ltr'>confirmed</span> <span class='ocrx_word' id='word_1_260' title='bbox 917 3863 955 3933; x_wconf 86' lang='lat' dir='ltr'>by</span> <span class='ocrx_word' id='word_1_261' title='bbox 969 3862 1084 3933; x_wconf 87' lang='lat' dir='ltr'>Ulpian,</span> <span class='ocrx_word' id='word_1_262' title='bbox 1096 3878 1155 3931; x_wconf 79' lang='lat' dir='ltr'>reg.</span> <span class='ocrx_word' id='word_1_263' title='bbox 1170 3872 1193 3929; x_wconf 80' lang='grc'>5.</span> <span class='ocrx_word' id='word_1_264' title='bbox 1210 3874 1249 3928; x_wconf 88' lang='lat'>10,</span> <span class='ocrx_word' id='word_1_265' title='bbox 1263 3860 1321 3914; x_wconf 90' lang='lat' dir='ltr'>and</span> 
     </span>
     <span class='ocr_line' id='line_1_32' title="bbox 171 3942 1320 4015; baseline -0.002 -17"><span class='ocrx_word' id='word_1_266' title='bbox 171 3943 308 3999; x_wconf 83' lang='lat' dir='ltr'>Neratius</span> <span class='ocrx_word' id='word_1_267' title='bbox 321 3944 350 3999; x_wconf 90' lang='lat' dir='ltr'>in</span> <span class='ocrx_word' id='word_1_268' title='bbox 364 3945 431 4015; x_wconf 85' lang='lat' dir='ltr'>Dig.</span> <span class='ocrx_word' id='word_1_269' title='bbox 445 3958 485 4015; x_wconf 78' lang='lat' dir='ltr'>5u</span> <span class='ocrx_word' id='word_1_270' title='bbox 503 3960 526 4000; x_wconf 91' lang='lat'>1.</span> <span class='ocrx_word' id='word_1_271' title='bbox 539 3961 563 4015; x_wconf 71' lang='lat'>9</span> <span class='ocrx_word' id='word_1_272' title='bbox 591 3947 635 4015; x_wconf 83' lang='lat' dir='ltr'>By</span> <span class='ocrx_word' id='word_1_273' title='bbox 647 3946 695 4000; x_wconf 90' lang='lat' dir='ltr'>the</span> <span class='ocrx_word' id='word_1_274' title='bbox 708 3944 777 4000; x_wconf 88' lang='lat' dir='ltr'>time</span> <span class='ocrx_word' id='word_1_275' title='bbox 789 3945 822 3999; x_wconf 81' lang='lat' dir='ltr'>oi</span> <span class='ocrx_word' id='word_1_276' title='bbox 831 3947 943 4014; x_wconf 86' lang='lat' dir='ltr'>Paulus,</span> <span class='ocrx_word' id='word_1_277' title='bbox 956 3946 1094 4013; x_wconf 82' lang='lat' dir='ltr'>however,</span> <span class='ocrx_word' id='word_1_278' title='bbox 1108 3944 1163 3999; x_wconf 90' lang='lat' dir='ltr'>this</span> <span class='ocrx_word' id='word_1_279' title='bbox 1176 3942 1234 3997; x_wconf 91' lang='lat' dir='ltr'>bad</span> <span class='ocrx_word' id='word_1_280' title='bbox 1246 3943 1320 3997; x_wconf 87' lang='lat' dir='ltr'>been</span> 
     </span>
     <span class='ocr_line' id='line_1_33' title="bbox 168 4026 1320 4098; baseline -0.001 -16"><span class='ocrx_word' id='word_1_281' title='bbox 168 4028 286 4097; x_wconf 83' lang='lat' dir='ltr'>altered,</span> <span class='ocrx_word' id='word_1_282' title='bbox 299 4026 347 4082; x_wconf 86' lang='lat' dir='ltr'>‘id</span> <span class='ocrx_word' id='word_1_283' title='bbox 364 4028 441 4082; x_wconf 89' lang='lat' dir='ltr'>enim</span> <span class='ocrx_word' id='word_1_284' title='bbox 460 4028 540 4082; x_wconf 80' lang='lat' dir='ltr'>lavor</span> <span class='ocrx_word' id='word_1_285' title='bbox 558 4027 695 4083; x_wconf 87' lang='lat' dir='ltr'>libertatis</span> <span class='ocrx_word' id='word_1_286' title='bbox 713 4028 857 4098; x_wconf 87' lang='lat' dir='ltr'>exposcit&#39;</span> <span class='ocrx_word' id='word_1_287' title='bbox 874 4046 929 4084; x_wconf 80' lang='lat' dir='ltr'>rec</span> <span class='ocrx_word' id='word_1_288' title='bbox 943 4038 1015 4084; x_wconf 86' lang='lat' dir='ltr'>sent.</span> <span class='ocrx_word' id='word_1_289' title='bbox 1028 4044 1053 4083; x_wconf 89' lang='lat'>2.</span> <span class='ocrx_word' id='word_1_290' title='bbox 1067 4043 1108 4094; x_wconf 79' lang='lat'>24</span> <span class='ocrx_word' id='word_1_291' title='bbox 1121 4041 1179 4096; x_wconf 85' lang='lat'>1-3.</span> <span class='ocrx_word' id='word_1_292' title='bbox 1216 4026 1320 4081; x_wconf 88' lang='lat' dir='ltr'>Paulus</span> 
     </span>
     <span class='ocr_line' id='line_1_34' title="bbox 170 4108 1320 4183; baseline -0.001 -18"><span class='ocrx_word' id='word_1_293' title='bbox 170 4111 232 4165; x_wconf 86' lang='lat' dir='ltr'>also</span> <span class='ocrx_word' id='word_1_294' title='bbox 241 4127 340 4180; x_wconf 84' lang='lat' dir='ltr'>agrees</span> <span class='ocrx_word' id='word_1_295' title='bbox 350 4110 417 4165; x_wconf 91' lang='lat' dir='ltr'>with</span> <span class='ocrx_word' id='word_1_296' title='bbox 429 4111 581 4166; x_wconf 87' lang='lat' dir='ltr'>Marcellus</span> <span class='ocrx_word' id='word_1_297' title='bbox 592 4128 668 4181; x_wconf 92' lang='lat' dir='ltr'>upon</span> <span class='ocrx_word' id='word_1_298' title='bbox 678 4111 726 4166; x_wconf 89' lang='lat' dir='ltr'>the</span> <span class='ocrx_word' id='word_1_299' title='bbox 736 4111 866 4183; x_wconf 87' lang='lat' dir='ltr'>question</span> <span class='ocrx_word' id='word_1_300' title='bbox 878 4112 922 4166; x_wconf 83' lang='lat' dir='ltr'>sor</span> <span class='ocrx_word' id='word_1_301' title='bbox 931 4111 1021 4166; x_wconf 89' lang='lat' dir='ltr'>which</span> <span class='ocrx_word' id='word_1_302' title='bbox 1031 4112 1079 4166; x_wconf 89' lang='lat' dir='ltr'>the</span> <span class='ocrx_word' id='word_1_303' title='bbox 1088 4111 1193 4165; x_wconf 69' lang='lat' dir='ltr'>letters</span> <span class='ocrx_word' id='word_1_304' title='bbox 1203 4108 1320 4180; x_wconf 89' lang='lat' dir='ltr'>opinion</span> 
     </span>
     <span class='ocr_line' id='line_1_35' title="bbox 169 4192 1319 4266; baseline 0 -18"><span class='ocrx_word' id='word_1_305' title='bbox 169 4192 194 4248; x_wconf 88' lang='lat' dir='ltr'>is</span> <span class='ocrx_word' id='word_1_306' title='bbox 206 4193 282 4248; x_wconf 89' lang='lat' dir='ltr'>cited</span> <span class='ocrx_word' id='word_1_307' title='bbox 295 4212 302 4248; x_wconf 91' lang='lat'>:</span> <span class='ocrx_word' id='word_1_308' title='bbox 322 4193 433 4249; x_wconf 88' lang='lat' dir='ltr'>‘media</span> <span class='ocrx_word' id='word_1_309' title='bbox 448 4193 525 4250; x_wconf 87' lang='lat' dir='ltr'>enim</span> <span class='ocrx_word' id='word_1_310' title='bbox 537 4206 666 4263; x_wconf 85' lang='lat' dir='ltr'>tempora</span> <span class='ocrx_word' id='word_1_311' title='bbox 678 4193 801 4250; x_wconf 87' lang='lat' dir='ltr'>libertati</span> <span class='ocrx_word' id='word_1_312' title='bbox 813 4195 957 4266; x_wconf 83' lang='lat' dir='ltr'>prodesse,</span> <span class='ocrx_word' id='word_1_313' title='bbox 970 4212 1028 4250; x_wconf 89' lang='lat' dir='ltr'>non</span> <span class='ocrx_word' id='word_1_314' title='bbox 1040 4211 1143 4250; x_wconf 87' lang='lat' dir='ltr'>nocere</span> <span class='ocrx_word' id='word_1_315' title='bbox 1155 4192 1243 4250; x_wconf 84' lang='lat' dir='ltr'>etiarn</span> <span class='ocrx_word' id='word_1_316' title='bbox 1254 4209 1319 4263; x_wconf 87' lang='lat' dir='ltr'>pos·</span> 
     </span>
     <span class='ocr_line' id='line_1_36' title="bbox 170 4275 381 4332; baseline 0.005 -1"><span class='ocrx_word' id='word_1_317' title='bbox 170 4276 251 4331; x_wconf 86' lang='lat' dir='ltr'>sunt&#39;</span> <span class='ocrx_word' id='word_1_318' title='bbox 267 4277 319 4330; x_wconf 79' lang='lat' dir='ltr'>loc</span> <span class='ocrx_word' id='word_1_319' title='bbox 334 4275 381 4332; x_wconf 92' lang='lat' dir='ltr'>cit.</span> 
     </span>
    </p>

    <p class='ocr_par' dir='ltr' id='par_1_8' title="bbox 205 4358 1211 4430">
     <span class='ocr_line' id='line_1_37' title="bbox 205 4358 1211 4430; baseline 0.002 -18"><span class='ocrx_word' id='word_1_320' title='bbox 205 4361 230 4414; x_wconf 89' lang='lat'>1.</span> <span class='ocrx_word' id='word_1_321' title='bbox 251 4360 308 4414; x_wconf 83' lang='lat' dir='ltr'>For</span> <span class='ocrx_word' id='word_1_322' title='bbox 319 4360 367 4414; x_wconf 89' lang='lat' dir='ltr'>the</span> <span class='ocrx_word' id='word_1_323' title='bbox 379 4358 515 4430; x_wconf 79' lang='lat' dir='ltr'>meaning</span> <span class='ocrx_word' id='word_1_324' title='bbox 527 4359 560 4415; x_wconf 84' lang='lat' dir='ltr'>of</span> <span class='ocrx_word' id='word_1_325' title='bbox 569 4359 576 4387; x_wconf 88' lang='lat'>‘</span> <span class='ocrx_word' id='word_1_326' title='bbox 585 4359 613 4413; x_wconf 91' lang='lat' dir='ltr'>ln</span> <span class='ocrx_word' id='word_1_327' title='bbox 626 4359 760 4415; x_wconf 84' lang='lat' dir='ltr'>servitute</span> <span class='ocrx_word' id='word_1_328' title='bbox 773 4360 875 4415; x_wconf 85' lang='lat' dir='ltr'>fuisse’</span> <span class='ocrx_word' id='word_1_329' title='bbox 887 4377 935 4416; x_wconf 90' lang='lat' dir='ltr'>see</span> <span class='ocrx_word' id='word_1_330' title='bbox 948 4377 985 4414; x_wconf 94' lang='lat' dir='ltr'>on</span> <span class='ocrx_word' id='word_1_331' title='bbox 998 4358 1056 4415; x_wconf 89' lang='lat' dir='ltr'>Tit.</span> <span class='ocrx_word' id='word_1_332' title='bbox 1068 4375 1094 4428; x_wconf 85' lang='lat'>3.</span> <span class='ocrx_word' id='word_1_333' title='bbox 1109 4372 1122 4429; x_wconf 81' lang='grc'>5</span> <span class='ocrx_word' id='word_1_334' title='bbox 1136 4376 1211 4429; x_wconf 90' lang='lat' dir='ltr'>supr.</span> 
     </span>
    </p>

    <p class='ocr_par' dir='ltr' id='par_1_9' title="bbox 204 4441 1318 4515">
     <span class='ocr_line' id='line_1_38' title="bbox 204 4441 1318 4515; baseline -0.001 -18"><span class='ocrx_word' id='word_1_335' title='bbox 204 4444 266 4498; x_wconf 74' lang='lat' dir='ltr'>&#39;nt</span> <span class='ocrx_word' id='word_1_336' title='bbox 277 4445 317 4498; x_wconf 86' lang='lat' dir='ltr'>V.</span> <span class='ocrx_word' id='word_1_337' title='bbox 336 4444 381 4514; x_wconf 85' lang='lat' dir='ltr'>By</span> <span class='ocrx_word' id='word_1_338' title='bbox 391 4442 481 4499; x_wconf 85' lang='lat' dir='ltr'>‘iusta</span> <span class='ocrx_word' id='word_1_339' title='bbox 493 4442 629 4499; x_wconf 79' lang='lat' dir='ltr'>servitus&#39;</span> <span class='ocrx_word' id='word_1_340' title='bbox 640 4442 665 4498; x_wconf 90' lang='lat' dir='ltr'>is</span> <span class='ocrx_word' id='word_1_341' title='bbox 677 4453 775 4500; x_wconf 80' lang='lat' dir='ltr'>meam</span> <span class='ocrx_word' id='word_1_342' title='bbox 786 4460 805 4499; x_wconf 86' lang='lat' dir='ltr'>a</span> <span class='ocrx_word' id='word_1_343' title='bbox 816 4445 927 4515; x_wconf 78' lang='lat' dir='ltr'>slavery</span> <span class='ocrx_word' id='word_1_344' title='bbox 940 4442 1031 4498; x_wconf 86' lang='lat' dir='ltr'>which</span> <span class='ocrx_word' id='word_1_345' title='bbox 1043 4442 1067 4497; x_wconf 86' lang='lat' dir='ltr'>is</span> <span class='ocrx_word' id='word_1_346' title='bbox 1080 4443 1154 4513; x_wconf 84' lang='lat' dir='ltr'>legal</span> <span class='ocrx_word' id='word_1_347' title='bbox 1166 4458 1198 4497; x_wconf 84' lang='lat' dir='ltr'>as</span> <span class='ocrx_word' id='word_1_348' title='bbox 1211 4441 1274 4498; x_wconf 84' lang='lat' dir='ltr'>well</span> <span class='ocrx_word' id='word_1_349' title='bbox 1286 4458 1318 4496; x_wconf 88' lang='lat' dir='ltr'>as</span> 
     </span>
    </p>
   </div>
   <div class='ocr_carea' id='block_1_7' title="bbox 0 0 1502 5048">
    <p class='ocr_par' dir='ltr' id='par_1_10' title="bbox 0 0 1502 5048">
     <span class='ocr_line' id='line_1_39' title="bbox 0 0 1502 5048; baseline 0 0"><span class='ocrx_word' id='word_1_350' title='bbox 0 0 1502 5048; x_wconf 95' lang='lat' dir='ltr'> </span> 
     </span>
    </p>
   </div>
  </div>
 </body>
</html>
