2986 5048
249 348 311 415 126
453 353 803 411 INSTITUTIONUM
822 352 942 407 LIBRI
960 353 1198 425 QUATTUOR.
1300 355 1367 422 [Lib.
1379 364 1398 410 t.

217 529 435 584 9sororemve
456 540 501 582 ex
525 519 734 583 matrimonio
761 528 878 601 postea
901 527 1072 582 contracto
1097 528 1203 582 natos.
1249 518 1286 583 Si
1313 541 1401 584 uxor

247 633 305 687 tua
327 634 403 704 post
425 623 600 685 divortium
622 642 665 684 ex
688 621 753 685 alio
780 621 881 685 filiam
905 623 1131 702 procreaverit,
1153 621 1235 685 haec
1258 643 1323 686 non
1348 636 1399 688 est

247 726 380 808 quidem
394 727 543 807 privigna
558 736 634 789 tua:
657 726 716 788 sed
734 725 879 788 lulianus
895 724 1080 788 huiusmodi
1097 727 1218 807 nuptiis
1233 725 1399 790 abstinere
1482 766 1488 777 ·

247 831 368 894 debere
397 831 463 892 ait:
502 849 578 890 nam
609 849 668 892 nec
698 849 853 911 sponsam
881 828 938 890 filii
966 849 1080 891 nurum
1108 849 1181 892 esse
1207 849 1268 892 nec
1294 832 1399 912 patris

248 952 403 1013 sponsam
421 952 594 995 novercam
610 952 690 1008 esse,
707 933 825 996 rectius
840 943 952 994 tamen
969 942 1001 994 et
1018 934 1085 995 iure
1100 930 1243 995 facturos
1258 953 1324 1008 eos,
1341 935 1397 1014 qui

202 1035 435 1099 lohuiusmodi
458 1037 579 1118 nuptiis
602 1057 638 1100 se
660 1037 887 1100 abstinuerint.
933 1036 1019 1098 lllud
1043 1045 1168 1100 certum
1192 1046 1242 1099 est
1264 1036 1399 1100 serviles

248 1160 379 1220 quoque
402 1141 613 1221 cognationes
637 1141 876 1221 impedimento
899 1160 970 1203 esse
993 1141 1125 1220 nuptiis,
1146 1140 1172 1202 si
1197 1138 1280 1202 forte
1302 1152 1401 1221 pater

201 1252 233 1304 ll
249 1252 283 1306 et
305 1243 373 1307 filia
395 1254 452 1307 aut
477 1244 576 1307 frater
593 1253 626 1307 et
649 1265 739 1307 soror
761 1244 953 1307 manumissi
977 1242 1106 1306 luerint.
1152 1241 1238 1306 Sunt
1259 1252 1293 1306 et
1313 1243 1399 1308 aliae

247 1367 416 1428 personae,
439 1368 524 1430 quae
549 1358 685 1430 propter
710 1349 855 1412 diversas
882 1348 1023 1411 rationes
1050 1348 1180 1429 nuptias
1204 1346 1400 1411 contrahere

247 1451 472 1532 prohibentur,
495 1473 576 1534 quas
602 1453 634 1514 in
665 1451 755 1516 libris
781 1451 984 1534 digestorum
1011 1472 1068 1513 seu
1092 1452 1329 1533 pandectarum
1355 1472 1399 1514 ex

246 1555 350 1617 veteri
373 1555 440 1616 iure
462 1554 673 1618 collectarum
692 1557 877 1618 enumerari
900 1555 1116 1635 permisimus.

202 1673 236 1727 12
293 1656 329 1720 Si
345 1659 500 1720 adversus
527 1679 566 1721 ea
593 1679 677 1740 quae
706 1659 853 1722 diximus
876 1658 977 1740 aliqui
1006 1658 1152 1730 coierint,
1181 1677 1241 1720 nec
1266 1659 1315 1720 vir
1338 1679 1400 1722 nec

248 1781 334 1823 uxor
362 1781 423 1825 nec
456 1763 592 1843 nuptiae
626 1781 685 1826 nec
720 1763 965 1826 matrimonium
1002 1781 1062 1824 nec
1097 1761 1158 1823 dos
1188 1760 1399 1843 intellegitur.

249 1865 359 1946 itaque
383 1865 413 1942 ii,
433 1867 490 1947 qui
510 1886 554 1928 ex
577 1886 617 1928 eo
642 1865 729 1928 coitu
754 1875 939 1941 nascuntur,
962 1866 994 1926 in
1017 1873 1183 1946 potestate
1205 1864 1308 1946 patris
1332 1885 1399 1928 non

248 1979 332 2044 sunt,
347 1969 406 2031 sed
422 1968 505 2032 tales
527 1978 613 2046 sunt,
629 1979 788 2050 quantum
807 1968 849 2030 ad
870 1968 1011 2049 patriam
1028 1977 1227 2049 potestatem
1244 1968 1398 2050 pertinet,

248 2071 362 2153 quales
377 2081 452 2134 sunt
468 2073 498 2148 ii,
513 2093 596 2154 quos
613 2082 718 2134 mater
732 2071 830 2153 vulgo
846 2073 1004 2154 concepit.
1049 2091 1126 2134 nam
1143 2091 1202 2134 nec
1218 2070 1252 2133 hi
1269 2083 1400 2153 patrem

248 2175 369 2238 habere
387 2176 629 2258 intelleguntur,
649 2196 722 2239 cum
745 2176 771 2239 is
796 2178 896 2239 etiam
920 2178 1061 2240 incertus
1084 2184 1154 2239 est:
1182 2177 1270 2238 unde
1290 2175 1401 2240 solent

249 2278 306 2341 filii
322 2281 420 2360 spurii
435 2280 605 2361 appellari,
621 2279 672 2342 vel
688 2302 707 2342 a
726 2279 852 2343 Graeca
867 2301 947 2344 voce
967 2281 1060 2362 quasi
1083 2277 1233 2358 σποράδην
1248 2283 1400 2362 concepti

249 2381 300 2444 vel
324 2383 415 2463 quasi
440 2385 510 2446 sine
532 2394 625 2465 patre
648 2383 713 2446 filii.
765 2385 911 2465 sequitur
930 2405 1016 2465 ergo,
1040 2394 1076 2447 ut
1100 2395 1133 2446 et
1156 2383 1317 2447 dissoluto
1340 2383 1400 2447 tali

250 2485 337 2547 coitu
365 2505 425 2549 nec
455 2486 543 2549 dotis
572 2486 737 2549 exactioni
768 2485 858 2549 locus
887 2486 937 2548 sit.
992 2486 1048 2567 qui
1074 2497 1186 2549 autem
1216 2484 1401 2567 prohibitas

249 2589 381 2670 nuptias
403 2598 532 2666 coeunt,
558 2599 591 2651 et
617 2589 698 2652 alias
728 2610 850 2671 poenas
879 2585 1055 2671 patiuntur,
1079 2610 1163 2671 quae
1193 2589 1293 2652 sacris
1322 2609 1402 2652 con·

248 2693 473 2756 stitutionibus
496 2694 712 2756 continentur.

286 2881 300 2946 §
315 2883 360 2933 10.
381 2881 480 2934 Slaves
493 2896 566 2932 were
579 2879 726 2948 incapable
740 2878 772 2932 of
781 2878 919 2947 marriage
934 2879 1029 2947 (sensu
1037 2878 1132 2948 legali)
1147 2879 1179 2931 os
1187 2895 1245 2946 any
1256 2877 1335 2946 kind,
1348 2879 1401 2933 but

249 2980 267 3017 a
277 2973 442 3032 permanent
456 2962 623 3016 connection
636 2963 763 3017 between
772 2971 826 3016 two
840 2963 941 3027 slaves,
951 2979 983 3015 or
995 2979 1012 3015 a
1025 2963 1102 3016 slave
1115 2962 1172 3016 and
1186 2980 1204 3015 a
1216 2962 1273 3015 free
1286 2977 1401 3030 person,

250 3062 307 3098 was
326 3045 417 3098 called
433 3045 656 3111 contubernium,
676 3045 753 3098 Paul.
771 3055 841 3099 sent.
855 3061 909 3099 rec.
923 3059 949 3098 2.
966 3059 1004 3113 19.
1018 3044 1043 3099 6.
1082 3046 1160 3098 Here
1173 3045 1221 3098 the
1234 3044 1345 3097 natural
1357 3061 1401 3098 re·

251 3127 338 3182 lation
358 3128 390 3181 of
404 3129 497 3182 {ather
513 3128 570 3181 and
587 3127 663 3182 child
676 3145 732 3181 was
749 3137 778 3181 to
795 3144 874 3182 some
891 3137 986 3181 extent
1004 3127 1189 3196 recognised:
1209 3144 1264 3195 eg.
1279 3143 1311 3180 as
1326 3125 1402 3181 iusta

250 3228 336 3265 causa
361 3210 591 3265 manumissionis
616 3210 705 3265 under
726 3211 775 3265 the
799 3211 843 3265 lex
869 3209 950 3264 Aelia
975 3210 1081 3278 Sentia,
1111 3209 1200 3265 Gaius
1219 3209 1237 3265 i.
1260 3225 1299 3279 ¹9·
1345 3211 1401 3264 Ac·

250 3294 404 3363 cordingly,
427 3295 508 3348 when
531 3294 622 3355 slaves
644 3294 702 3348 had
723 3293 842 3348 become
864 3294 930 3361 free,
953 3293 1010 3346 and
1032 3294 1097 3347 thus
1122 3292 1240 3362 capable
1262 3293 1293 3347 oi
1315 3292 1402 3347 inter·
1441 3327 1445 3333 ·

250 3377 398 3447 marriage,
411 3377 477 3445 they
491 3394 563 3430 were
576 3376 641 3431 held
654 3387 683 3430 to
696 3377 732 3431 be
745 3376 841 3430 within
854 3377 903 3430 the
915 3376 989 3430 rules
1002 3393 1034 3429 as
1047 3386 1076 3430 to
1090 3375 1250 3445 prohibited
1264 3375 1394 3444 degrees.

287 3458 301 3529 ξ
315 3463 360 3513 12.
382 3459 515 3522 Children
532 3460 602 3513 born
620 3459 652 3512 ol
665 3477 682 3513 a
700 3459 867 3513 connection
881 3458 972 3513 which
985 3476 1042 3513 was
1059 3469 1108 3513 not
1125 3476 1143 3513 a
1161 3459 1234 3527 legal
1251 3458 1401 3529 marriage,

251 3542 341 3597 either
359 3542 481 3596 because
495 3542 515 3595 it
529 3560 585 3596 was
599 3542 759 3611 prohibited
778 3543 815 3611 by
828 3560 908 3596 some
926 3541 1046 3612 positive
1058 3543 1127 3610 rule,
1141 3559 1173 3595 or
1185 3542 1308 3597 because
1320 3542 1402 3597 there

250 3643 308 3679 was
327 3642 364 3679 no
383 3624 519 3678 maritalis
538 3624 658 3692 affectio,
672 3643 744 3678 were
762 3625 891 3691 deemed,
912 3641 944 3678 as
965 3641 983 3678 a
1002 3625 1070 3692 rule,
1089 3635 1119 3679 to
1142 3625 1213 3678 have
1233 3640 1270 3677 no
1290 3625 1401 3678 father:

251 3708 350 3776 ‘vulgo
369 3708 498 3777 concepti
518 3708 655 3775 dicuntur,
670 3708 716 3778 qui
730 3718 839 3777 patrem
859 3708 1052 3761 demonstrare
1071 3724 1128 3761 non
1147 3718 1274 3776 possunt,
1287 3708 1332 3760 vel
1352 3706 1401 3778 qui

250 3801 369 3861 possunt
388 3790 512 3860 quidem,
529 3789 581 3844 sed
600 3807 665 3844 eum
684 3791 789 3844 habent
809 3807 893 3860 quern
912 3790 1017 3843 habere
1036 3806 1093 3843 non
1111 3789 1185 3857 licet,
1199 3788 1246 3860 qui
1265 3800 1293 3843 et
1312 3789 1402 3858 spurii

250 3875 429 3944 appellantur
445 3874 515 3942 παρὰ
533 3873 578 3940 τὴν
596 3874 709 3941 σποράν’
729 3873 792 3941 Dig.
811 3887 831 3926 1.
848 3886 871 3941 5.
886 3887 927 3940 23.
966 3873 1041 3928 Such
1061 3891 1078 3926 a
1097 3871 1265 3927 connection
1278 3872 1361 3926 when
1380 3872 1401 3928 it

251 3957 405 4011 amounted
424 3965 453 4010 to
472 3967 608 4024 stuprum,
625 3955 802 4023 adulterium,
822 3973 854 4010 or
873 3955 1005 4022 incestus,
1018 3972 1075 4009 was
1092 3954 1195 4009 visited
1214 3954 1281 4009 with
1300 3971 1401 4010 severe

251 4039 389 4109 penalties
402 4039 440 4107 by
453 4039 501 4093 the
514 4040 558 4092 lex
573 4037 644 4092 Iulia
657 4039 693 4092 de
705 4037 849 4092 adulteriis
864 4038 928 4107 (Bk.
938 4038 974 4092 iv.
989 4038 1028 4091 18.
1040 4053 1058 4104 4
1071 4037 1148 4105 ins.);
1167 4038 1310 4107 ‘stuprum
1324 4052 1402 4091 com·

252 4121 347 4189 mittit,
359 4122 407 4192 qui
420 4121 538 4176 liberam
556 4121 711 4189 mulierem,
725 4121 937 4176 consuetudinis
955 4138 1049 4189 causa,
1063 4138 1120 4174 non
1139 4118 1320 4187 matrimonii,
1334 4137 1402 4174 con·

252 4202 331 4272 tinet,
353 4215 471 4274 excepta
492 4204 623 4259 videlicet
642 4204 817 4258 concubina’
832 4204 897 4273 Dig.
910 4205 954 4270 48.
970 4216 993 4272 5.
1007 4218 1049 4271 34.
1067 4219 1087 4258 r.
1126 4205 1218 4267 From,
1229 4202 1286 4257 this
1305 4201 1327 4256 it
1346 4203 1403 4257 will

252 4287 288 4340 be
298 4288 471 4340 understood
484 4289 545 4342 that
559 4287 770 4354 concubinatus,
781 4305 799 4340 a
807 4297 973 4356 permanent
981 4286 1149 4341 connection
1159 4286 1275 4340 without
1288 4285 1402 4340 affectio

252 4368 397 4437 maritalis,
417 4386 474 4424 was
494 4387 511 4424 a
529 4369 647 4423 relation
666 4370 804 4424 tolerated
821 4371 861 4439 by
875 4370 948 4424 law:
972 4369 1019 4424 the
1039 4371 1166 4423 Romans
1180 4386 1230 4436 say
1243 4367 1277 4422 ol
1291 4367 1320 4436 it,
1334 4367 1403 4437 ‘per

252 4450 330 4521 leges
350 4467 454 4507 nomen
473 4452 644 4523 assumpsit’
662 4453 727 4522 Dig.
742 4465 785 4523 25.
800 4470 822 4519 3.
841 4467 849 4506 ι
865 4473 873 4520 3
892 4451 910 4507 i.
918 4469 943 4508 e.
961 4451 982 4508 it
1000 4452 1053 4508 has
1066 4451 1196 4508 received
1208 4450 1247 4523 by
1259 4460 1365 4507 statute
1383 4469 1402 4508 a
