2986 5048
223 352 283 417 192
424 341 573 397 INSTIT
576 340 633 397 UT
630 339 776 397 IONUM
793 339 913 394 LIBRI
932 339 1167 412 QUATTUOR.
1259 340 1325 407 [Lib.
1335 346 1368 395 11.

220 526 329 588 neque
357 505 445 569 enim
475 504 648 569 inundatio
677 503 820 586 speciem
850 502 942 566 sundi
972 512 1156 567 commutat
1186 510 1219 566 et
1248 503 1292 567 ob
1323 503 1368 577 id,

220 610 247 674 si
271 610 440 674 recesserit
454 630 550 691 aqua,
565 607 676 690 palam
700 614 750 673 est
773 627 849 671 eum
871 606 1011 671 fundum
1033 608 1101 672 eius
1118 627 1260 685 manere,
1276 608 1369 671 cuius

220 722 254 776 et
270 711 341 777 luit.

172 834 209 889 25
265 814 351 879 Cum
374 837 418 880 ex
441 816 549 881 aliena
571 813 709 879 materia
733 814 860 896 species
881 813 992 896 aliqua
1013 813 1100 878 sacta
1120 814 1162 877 sit
1183 815 1226 877 ab
1247 816 1369 897 aliquo,

220 922 334 1003 quaeri
357 921 450 998 solet,
465 922 539 1003 quis
561 939 676 984 eorum
699 918 841 982 naturali
864 919 990 981 ratione
1013 919 1167 981 dominus
1189 919 1241 994 sit,
1257 930 1370 983 utrum

221 1026 249 1087 is
271 1024 327 1106 qui
355 1024 478 1100 fecerit,
503 1044 546 1087 an
573 1023 628 1086 ille
657 1022 769 1104 potius
799 1021 856 1103 qui
884 1021 1041 1085 materiae
1071 1022 1224 1085 dominus
1252 1022 1369 1088 fuerit:

221 1136 259 1191 ut
285 1147 362 1192 ecce
388 1129 414 1190 si
437 1129 511 1210 quis
538 1148 583 1191 ex
608 1126 724 1190 alienis
751 1126 822 1192 uvis
845 1136 903 1189 aut
933 1125 1026 1188 olivis
1049 1135 1107 1188 aut
1132 1127 1230 1208 spicis
1256 1128 1369 1190 vinum

220 1239 280 1295 aut
294 1231 404 1295 oleum
425 1242 484 1296 aut
505 1231 708 1295 frumentum
731 1229 853 1307 fecerit,
868 1238 926 1293 aut
950 1250 993 1293 ex
1014 1230 1122 1295 alieno
1141 1250 1221 1294 auro
1243 1231 1295 1293 vel
1318 1251 1371 1293 ar·

220 1343 322 1417 gento
337 1334 390 1398 vel
405 1355 481 1398 aere
496 1354 554 1397 vas
576 1333 710 1415 aliquod
727 1332 848 1409 fecerit,
866 1332 920 1396 vel
938 1353 982 1396 ex
1004 1334 1113 1396 alieno
1128 1334 1204 1397 vino
1222 1343 1255 1397 et
1271 1334 1370 1397 melle

222 1438 365 1502 mulsum
389 1440 562 1513 miscuerit,
587 1438 706 1501 velex
731 1437 847 1500 alienis
877 1438 1128 1500 medicamentis
1153 1436 1371 1518 emplastrum

221 1551 280 1606 aut
304 1541 477 1623 collyrium
503 1542 734 1624 composuerit,
757 1539 809 1603 vel
834 1560 879 1603 ex
903 1539 1010 1603 aliena
1037 1539 1113 1603 lana
1134 1541 1371 1604 vestimentum

221 1644 343 1722 fecerit,
357 1645 410 1708 vel
431 1666 475 1709 ex
493 1645 607 1709 alienis
628 1642 750 1708 tabulis
771 1663 890 1706 navem
905 1644 958 1707 vel
979 1644 1156 1707 armarium
1173 1643 1224 1707 vel
1244 1643 1371 1709 subsel-

222 1749 303 1812 lium
319 1748 534 1813 fabricaverit.
565 1755 690 1830 etpost
707 1746 828 1811 multas
840 1745 1095 1812 Sabinianorum
1111 1757 1144 1811 et
1161 1747 1372 1811 Proculiano·

222 1873 294 1915 rum
306 1853 541 1936 ambiguitates
552 1851 675 1934 placuit
691 1850 800 1913 media
815 1851 981 1914 sententia
997 1851 1272 1926 existimantium,
1288 1851 1315 1914 si
1332 1871 1372 1914 ea

223 1956 350 2038 species
371 1958 414 2020 ad
437 1955 611 2019 materiam
635 1955 746 2019 reduci
763 1955 877 2034 possit,
891 1974 967 2017 eum
983 1954 1085 2017 videri
1101 1955 1273 2017 dominum
1290 1974 1372 2033 esse,

222 2061 279 2142 qui
296 2061 453 2124 materiae
471 2060 625 2123 dominus
640 2058 757 2136 fuerat,
776 2057 802 2121 si
825 2077 890 2121 non
909 2058 1017 2140 possit
1033 2058 1153 2131 reduci,
1170 2079 1245 2121 eum
1261 2058 1372 2141 potius

221 2162 367 2246 intellegi
390 2163 562 2226 dominum
585 2162 642 2244 qui
666 2161 796 2225 lecerit:
821 2171 858 2225 ut
882 2181 958 2225 ecce
974 2182 1033 2225 vas
1056 2159 1236 2225 conflatum
1261 2169 1372 2244 potest

220 2267 264 2330 ad
291 2268 407 2330 rudem
432 2286 576 2330 massam
603 2267 687 2328 aeris
711 2265 762 2327 vel
788 2266 916 2347 argenti
940 2264 993 2329 vel
1017 2266 1086 2328 auri
1113 2266 1232 2342 reduci,
1257 2266 1372 2328 vinum

221 2378 334 2433 autem
357 2380 416 2434 aut
438 2369 550 2433 oleum
570 2379 629 2433 aut
645 2367 846 2432 frumentum
864 2370 908 2433 ad
927 2389 1007 2431 uvas
1030 2378 1064 2433 et
1086 2369 1189 2433 olivas
1210 2378 1244 2432 et
1264 2370 1372 2451 spicas

223 2474 340 2537 reverti
357 2494 423 2537 non
440 2482 550 2556 potest
565 2494 604 2537 ac
626 2493 667 2535 ne
684 2472 827 2535 mulsum
843 2473 979 2554 quidem
999 2474 1042 2537 ad
1062 2474 1175 2536 vinum
1193 2482 1226 2536 et
1242 2472 1308 2536 mel
1324 2492 1391 2535 re·-

221 2577 303 2642 solvi
326 2586 447 2659 potest.
478 2577 595 2658 quodsi
619 2576 739 2659 partim
756 2596 800 2639 ex
815 2596 875 2639 sua
894 2578 1040 2651 materia,
1057 2575 1177 2658 partim
1199 2597 1243 2639 ex
1265 2575 1374 2640 aliena

221 2682 364 2763 speciem
380 2682 527 2762 aliquam
543 2680 657 2744 fecerit
673 2680 822 2762 quisque,
839 2680 944 2743 veluti
966 2701 1010 2743 cx
1031 2700 1092 2743 suo
1111 2681 1189 2743 vino
1209 2691 1242 2744 et
1262 2679 1373 2744 alieno

222 2784 320 2848 melle
337 2785 480 2847 mulsum
496 2795 554 2848 aut
570 2804 614 2847 ex
630 2784 699 2848 suis
715 2794 748 2848 et
763 2783 881 2847 alienis
894 2784 1144 2847 medicamentis
1156 2782 1373 2865 emplastrum

221 2898 280 2952 aut
295 2889 469 2970 collyrium
489 2897 548 2951 aut
569 2910 614 2952 ex
637 2908 696 2952 sua
718 2896 752 2952 et
772 2887 880 2951 aliena
903 2886 979 2951 lana
996 2888 1233 2952 vestimentum
1249 2886 1372 2961 fecerit,

220 2992 442 3056 dubitandum
459 3012 524 3055 non
541 3002 592 3056 est
606 2990 670 3056 hoc
686 3011 763 3056 casu
780 3011 856 3054 eum
876 3010 948 3055 esse
969 2992 1142 3054 dominum
1166 2990 1221 3073 qui
1237 2989 1373 3055 fecerit:

221 3116 297 3159 cum
321 3115 386 3159 non
410 3094 518 3159 solum
541 3115 676 3177 operam
700 3115 794 3159 suam
819 3094 922 3173 dedit,
937 3096 994 3158 sed
1019 3103 1052 3157 et
1073 3104 1202 3176 partem
1226 3094 1373 3158 eiusdem

257 3296 271 3369 ᾗ
285 3301 335 3353 25.
356 3300 382 3352 lt
395 3298 419 3352 is
432 3298 512 3352 usual
527 3307 557 3351 to
574 3307 746 3366 enumerate,
758 3314 791 3351 as
803 3314 821 3351 a
834 3296 911 3352 third
928 3298 1040 3352 natural
1053 3298 1138 3353 mode
1154 3297 1187 3351 of
1195 3295 1374 3367 acquisition,

221 3381 403 3452 specificatio,
421 3381 470 3435 the
493 3379 658 3449 converting
676 3379 709 3435 of
728 3381 869 3435 another's
894 3380 1024 3436 material
1044 3380 1104 3435 into
1125 3398 1143 3435 a
1164 3397 1226 3435 new
1247 3378 1321 3433 form
1342 3395 1375 3433 or

221 3465 364 3536 ‘species,’
373 3481 405 3519 as
418 3464 447 3518 in
460 3465 508 3518 the
521 3463 704 3519 illustrations
716 3463 799 3534 given
813 3464 842 3518 in
859 3465 907 3519 the
920 3475 987 3520 text.
1012 3465 1075 3519 The
1089 3463 1254 3518 Proculians
1267 3463 1375 3533 argued

221 3550 270 3605 the
283 3565 349 3603 case
361 3565 398 3602 on
411 3550 460 3602 the
472 3548 594 3617 analogy
606 3548 637 3601 of
647 3547 805 3618 occupatio,
818 3547 875 3603 and
889 3547 1028 3618 regarded
1040 3548 1089 3603 the
1106 3547 1183 3617 giver
1195 3547 1230 3601 of
1236 3547 1285 3602 the
1302 3545 1375 3599 form

221 3649 255 3687 as
272 3633 321 3688 the
334 3648 428 3685 owner
441 3631 473 3685 of
487 3632 536 3685 the
548 3630 687 3702 product;
705 3648 723 3685 a
735 3631 806 3687 view
821 3632 912 3686 which
932 3649 1026 3687 seems
1045 3643 1075 3686 to
1093 3632 1166 3686 have
1185 3629 1377 3685 commended

222 3714 301 3770 itseli
309 3724 339 3768 to
354 3713 460 3784 Ulpian
474 3714 494 3782 (‘
502 3724 611 3768 mutata
623 3714 714 3768 forma
727 3731 815 3785 prope
829 3714 964 3770 interimit
982 3714 1170 3769 substantiam
1183 3713 1238 3768 rei’
1252 3712 1318 3782 Dig.
1334 3727 1375 3767 10.

221 3814 246 3866 4
260 3813 285 3867 p
300 3796 338 3864 3).
375 3798 438 3852 The
452 3797 603 3852 Sabinians
617 3797 724 3852 viewed
741 3798 762 3854 it
775 3815 807 3852 as
820 3815 838 3852 a
849 3797 920 3852 kind
933 3798 966 3852 of
979 3797 1115 3865 accessio,
1128 3796 1185 3851 and
1199 3796 1303 3851 denied
1319 3812 1377 3865 any

221 3882 342 3938 transfer
355 3880 387 3934 os
396 3881 564 3951 ownership,
577 3880 665 3936 Gaius
679 3880 706 3936 ii.
716 3896 760 3950 99.
797 3881 859 3935 The
873 3881 1070 3936 intermediate
1083 3879 1207 3950 opinion,
1220 3879 1377 3934 confirmed

221 3965 261 4034 by
272 3963 422 4034 Justinian,
437 3962 460 4016 is
472 3963 561 4018 found
573 3963 602 4017 in
616 3963 705 4018 Gaius
720 3963 799 4033 (Dig.
812 3978 856 4030 41.
870 3978 890 4017 1.
905 3964 961 4031 77),
975 3964 1079 4018 Paulus
1093 3962 1141 4031 (ib.
1156 3963 1211 4029 24),
1224 3961 1282 4016 and
1295 3962 1378 4016 other

220 4046 325 4117 jurists.
365 4048 399 4100 ln
416 4046 567 4116 justinian,
580 4048 794 4117 consequently‚
807 4046 1000 4117 specification
1020 4063 1053 4101 as
1070 4064 1088 4101 a
1106 4046 1191 4101 mode
1210 4045 1243 4100 os
1255 4044 1377 4115 acquisi-

223 4129 282 4185 tion
296 4147 395 4184 occurs
409 4131 475 4199 only
488 4131 569 4184 when
583 4130 634 4184 ‘ea
646 4129 757 4200 species
769 4129 807 4184 ad
820 4130 969 4185 materiam
982 4129 1078 4185 reduci
1092 4146 1148 4184 non
1162 4128 1268 4199 possit,’
1280 4128 1339 4182 and
1352 4127 1377 4183 is

224 4213 311 4282 really
324 4230 342 4267 a
354 4213 425 4267 form
445 4213 478 4266 os
491 4213 650 4283 occupatio,
667 4230 699 4267 as
718 4230 839 4284 appears
858 4214 930 4268 srom
949 4213 998 4268 the
1015 4212 1107 4267 words
1125 4212 1159 4265 os
1175 4210 1281 4280 Ulpian
1300 4210 1377 4264 cited

225 4295 324 4363 above,
338 4296 394 4350 and
411 4296 460 4350 the
473 4295 635 4365 expression
654 4295 682 4350 in
695 4296 744 4350 the
762 4295 864 4365 Digest
877 4295 884 4324 ‘
895 4295 972 4366 quod
990 4295 1096 4350 iactum
1114 4305 1157 4349 est
1171 4304 1256 4348 antea
1272 4292 1377 4347 nullius

225 4378 332 4432 fuerat!
369 4378 411 4433 Os
425 4395 525 4434 course
544 4380 592 4433 the
609 4378 688 4447 giver
708 4379 740 4432 oi
759 4379 807 4434 the
828 4379 900 4432 form
921 4379 980 4433 had
1002 4378 1030 4432 in
1049 4380 1086 4433 all
1105 4395 1186 4432 cases
1204 4386 1234 4432 to
1253 4393 1309 4446 pay
1327 4376 1377 4432 the

225 4477 320 4515 owner
332 4461 365 4515 os
379 4463 428 4516 the
446 4462 574 4517 material
593 4461 629 4518 its
641 4463 691 4517 full
704 4463 793 4533 value‚
806 4479 844 4518 on
857 4463 905 4519 the
923 4462 1061 4533 principle
1074 4460 1235 4518 ‘neminem
1252 4476 1318 4515 cum
1336 4460 1376 4514 al·
