2986 5048
169 384 219 439 T„
231 382 282 452 ,⁵3
563 381 624 436 na
645 381 929 441 rrvrsrmcrrs
1255 392 1320 465 595

169 549 297 633 pignori
327 547 453 614 futuras
482 547 672 633 pepigisset.
732 548 942 616 Retinendae
975 551 1191 634 possessionis
1219 570 1350 623 causas

169 663 361 736 comparata
385 662 461 717 sunt
491 652 665 716 interdicta
692 651 741 715 uti
766 654 942 736 possidetis
967 664 1001 719 et
1028 657 1147 734 utrubi,
1174 678 1248 721 cum
1275 657 1318 721 ab

168 769 308 841 utraque
332 767 425 842 parte
448 758 490 822 de
514 757 714 840 proprietate
738 756 874 821 alicuius
898 758 943 822 rei
970 761 1193 825 controversia
1218 762 1262 825 sit
1284 772 1319 827 et

168 873 246 926 ante
268 862 443 945 quaeritur,
463 870 537 925 uter
559 881 603 924 ex
626 860 848 943 litigatoribus
870 863 1038 944 possidere
1057 874 1091 929 et
1114 873 1188 929 uter
1205 874 1318 948 petere

168 967 300 1031 debeat.
347 986 499 1047 ¹namque
522 963 584 1027 nisi
607 973 684 1027 ante
707 963 919 1046 exploratum
945 966 1050 1047 suerit,
1074 969 1177 1033 utrius
1203 990 1317 1033 eorum

168 1069 333 1152 possessio
348 1069 399 1148 sit,
415 1089 481 1132 non
503 1077 614 1150 potest
634 1067 788 1149 petitoria
808 1071 895 1133 actio
916 1069 1050 1149 institui,
1066 1073 1143 1154 quia
1164 1082 1198 1137 et
1216 1073 1318 1137 civilis

168 1183 202 1238 et
225 1172 382 1237 naturalis
401 1173 484 1237 ratio
504 1171 591 1250 iacit,
614 1179 650 1235 ut
673 1171 755 1234 alius
780 1173 958 1256 possideat,
982 1175 1065 1239 alius
1084 1197 1105 1240 a
1128 1177 1318 1259 possidente

167 1287 269 1360 petat.
314 1287 349 1342 et
370 1278 448 1362 quia
469 1276 570 1360 longe
593 1276 800 1339 commodius
822 1287 872 1341 est
894 1279 1062 1359 possidere
1084 1280 1195 1362 potius
1216 1301 1317 1363 quam

166 1392 289 1464 petere,
305 1380 380 1445 ideo
394 1381 589 1464 plerumque
604 1388 637 1443 et
653 1378 720 1443 lere
738 1398 870 1462 semper
884 1381 999 1463 ingens
1015 1382 1131 1447 existit
1148 1385 1318 1448 contentio

167 1486 210 1548 de
226 1486 297 1567 ipsa
312 1485 527 1567 possessione.
572 1485 784 1547 commodum
808 1491 920 1547 autem
940 1485 1129 1567 possidendi
1151 1486 1184 1550 in
1201 1507 1240 1551 eo
1256 1498 1317 1561 cst,
1376 1481 1378 1485 ¹
1472 1486 1476 1493 ’

167 1589 268 1670 quod,
293 1590 421 1652 etiamsi
451 1589 521 1653 eius
546 1608 597 1651 res
623 1607 688 1650 non
713 1588 756 1651 sit
780 1588 836 1669 qui
864 1589 1019 1670 possidet,
1044 1589 1070 1653 si
1098 1591 1199 1655 modo
1225 1601 1319 1656 actor

168 1712 234 1756 non
251 1694 396 1774 potuerit
415 1712 508 1756 suam
530 1712 603 1756 esse
623 1690 771 1773 probare,
793 1702 941 1756 remanet
961 1713 1021 1756 suo
1036 1692 1110 1758 loco
1132 1695 1316 1777 possessio:

166 1806 417 1879 propterquam
438 1816 580 1874 causam,
601 1815 677 1858 cum
699 1795 838 1859 obscura
860 1795 927 1859 sint
949 1796 1118 1878 utriusque
1139 1797 1219 1873 iura,
1239 1819 1318 1862 con·

167 1908 218 1963 tra
241 1901 416 1982 petitorem
438 1900 573 1964 iudicari
593 1898 688 1963 solet.
735 1897 802 1963 Sed
825 1899 998 1963 interdicto
1018 1902 1153 1984 quidem
1176 1903 1224 1966 uti
1240 1922 1316 1985 pos-

167 2002 281 2067 sidetis
306 2006 349 2068 dc
375 2004 466 2068 lundi
490 2003 544 2068 vel
569 2004 702 2067 aedium
727 2002 935 2086 possessione
960 2004 1179 2080 contenditur,
1205 2005 1315 2069 utrubi

166 2127 244 2171 vero
274 2108 449 2172 interdicto
477 2109 520 2172 de
550 2127 658 2171 rerum
695 2106 865 2170 mobilium
901 2107 1117 2190 possessione.
1175 2129 1315 2192 quorum

166 2211 216 2274 vis
238 2219 272 2275 et
294 2221 442 2295 potestas
465 2212 640 2295 plurimam
664 2211 749 2274 inter
771 2232 807 2274 se
831 2211 1050 2276 differentiam
1073 2214 1163 2295 apud
1188 2224 1317 2279 veteres

166 2313 332 2379 habebat:
360 2336 436 2379 narn
463 2316 511 2380 uti
541 2314 717 2399 possidetis
748 2315 922 2380 interdicto
949 2317 976 2379 is
999 2317 1160 2394 vincebat,
1186 2316 1242 2400 qui
1270 2318 1320 2380 in·

167 2419 297 2483 terdicti
321 2428 470 2502 tempore
493 2420 695 2504 possidebat,
723 2418 750 2483 si
778 2420 879 2482 modo
905 2440 966 2483 nec
995 2420 1026 2482 vi
1058 2440 1118 2484 nec
1144 2420 1230 2484 clam
1257 2441 1318 2488 nec

166 2524 313 2605 precario
338 2534 477 2589 nanctus
504 2524 607 2588 luerat
632 2522 675 2587 ab
698 2523 883 2586 adversario
909 2525 1160 2607 possessionem,
1187 2523 1317 2589 etiamsi

166 2626 268 2690 alium
288 2628 321 2692 vi
342 2627 507 2710 expulerit
527 2637 585 2692 aut
603 2627 688 2692 clam
710 2627 889 2708 abripuerit
911 2626 1053 2690 alienam
1074 2628 1316 2707 possessionem

166 2738 224 2795 aut
254 2733 401 2812 precario
430 2741 604 2813 rogaverat
639 2730 792 2811 aliquem,
823 2738 860 2793 ut
892 2729 953 2792 sibi
984 2729 1154 2812 possidere
1183 2730 1316 2795 liceret:

166 2832 276 2897 utrubi
298 2854 376 2897 vero
398 2834 573 2898 interdicto
596 2834 623 2899 is
641 2834 801 2913 vincebat,
817 2834 873 2915 qui
892 2833 1015 2897 maiore
1036 2843 1129 2915 parte
1149 2834 1218 2897 eius
1238 2835 1316 2897 anni

167 2956 228 3000 nec
243 2937 274 3000 vi
291 2958 350 3001 nec
366 2937 452 3002 clam
469 2958 529 3002 nec
545 2938 692 3022 precario
706 2939 749 3000 ab
764 2937 951 3001 adversario
972 2936 1173 3020 possidebat.
1217 2937 1317 3002 hodie

166 3047 279 3103 tamen
308 3041 404 3105 aliter
433 3042 642 3106 observatur:
667 3062 744 3105 nam
774 3040 944 3123 utriusque
974 3041 1138 3105 interdicti
1169 3050 1317 3122 potestas

166 3152 328 3223 quantum
358 3147 401 3209 ad
432 3146 674 3229 possessionem
705 3147 848 3228 pertinet
877 3155 1065 3227 exaequata
1104 3155 1165 3221 est,
1194 3153 1231 3208 ut
1261 3144 1317 3207 ille

165 3246 275 3310 vincat
298 3257 332 3312 et
355 3248 387 3311 in
410 3270 445 3313 re
467 3248 528 3313 soli
552 3260 584 3314 et
608 3250 641 3313 in
663 3271 698 3313 re
721 3248 844 3328 mobili,
860 3248 915 3331 qui
938 3248 1179 3332 possessionem
1203 3268 1262 3311 nec
1284 3249 1317 3311 vi

166 3369 226 3415 nec
247 3349 332 3414 clam
355 3372 414 3417 nec
437 3354 584 3436 precario
603 3353 647 3418 ab
668 3354 855 3419 adversario
878 3352 945 3417 litis
966 3352 1214 3418 contestationis
1232 3361 1316 3416 tem-

165 3595 280 3648 κολωνοῦ
297 3600 435 3667 rrpiypurn
454 3594 616 3664 κινηθήσεται
634 3597 663 3650 τὸ
675 3596 844 3659 Σαλβιάνειον
855 3595 1011 3665 lm'pdurrnv
1032 3594 1181 3664 Theoph.;
1199 3594 1233 3648 cf.
1249 3593 1316 3663 Dig.

164 3691 207 3744 43.
222 3692 265 3747 33.
282 3693 292 3732 1
308 3679 327 3747 (‘
335 3689 363 3734 et
376 3680 512 3735 adversus
531 3690 679 3734 extraneos
693 3721 699 3734 .
714 3718 721 3732 .
734 3719 741 3734 .
756 3678 816 3734 dari
836 3678 951 3733 debebit
960 3678 977 3746 ¹)
991 3696 997 3733 :
1017 3678 1125 3748 though
1139 3678 1209 3733 Cod.
1223 3679 1248 3733 8.
1261 3692 1287 3748 9.
1303 3693 1313 3732 1

166 3759 189 3815 is
215 3759 463 3818 irreconcileable:
482 3762 556 3817 ‘non
579 3761 729 3817 interdicto
747 3761 889 3832 Salviano,
907 3760 937 3817 id
955 3761 1032 3819 enim
1050 3761 1248 3816 tantummodo
1267 3760 1317 3817 ad·

165 3861 262 3900 versus
275 3845 477 3901 conductorem
490 3847 683 3901 debitoremve
696 3845 848 3916 competit!

201 3929 292 3982 Other
304 3930 447 3998 examples
460 3929 493 3983 of
501 3928 647 3984 interdicts
660 3927 862 3999 adipiscendae
874 3925 1064 3997 possessionis
1077 3926 1161 3997 given
1173 3928 1212 3996 by
1225 3924 1315 3983 Gaius

166 4011 213 4080 (iv.
230 4012 324 4080 145-6)
338 4029 386 4066 are
405 4013 487 4067 those
505 4011 597 4066 called
614 4011 822 4083 possessorium
840 4011 898 4066 and
916 4011 1078 4078 sectorium,
1091 4012 1139 4065 the
1157 4011 1216 4065 first
1230 4010 1317 4080 being

164 4096 214 4149 the
233 4095 350 4165 remedy
368 4096 400 4150 ol
416 4097 464 4151 the
485 4095 597 4166 highest
616 4095 718 4150 bidder
737 4095 765 4149 in
786 4097 834 4149 the
853 4095 1032 4165 bankruptcy
1050 4094 1206 4165 procedure
1225 4093 1317 4149 called

164 4178 304 4232 bonorum
317 4178 451 4247 venditio,
462 4196 488 4251 p.
503 4192 536 4248 37
541 4192 554 4249 5
568 4196 652 4250 supr,
665 4180 714 4234 the
726 4179 834 4235 second
842 4178 904 4236 that
916 4178 949 4233 ol
957 4179 1006 4235 the
1020 4189 1112 4233 sector
1125 4178 1317 4248 orpurchaser

165 4272 194 4319 at
208 4279 225 4316 a
238 4271 311 4316 state
324 4262 446 4317 auction.

202 4343 265 4413 §4.
288 4345 429 4415 Opinions
451 4347 525 4401 have
545 4345 663 4401 differed
686 4363 754 4416 very
775 4345 859 4400 much
880 4362 913 4400 as
935 4355 965 4399 to
984 4345 1034 4399 the
1053 4355 1115 4399 true
1137 4354 1236 4399 nature
1257 4344 1316 4399 and

164 4446 287 4500 purpose
308 4428 341 4483 oi
355 4429 403 4484 the
423 4428 570 4485 interdicts
591 4429 630 4484 uti
655 4429 807 4499 possidetis
825 4429 883 4484 and
899 4427 1001 4484 utrubi.
1039 4429 1065 4483 lt
1079 4428 1133 4482 will
1150 4429 1222 4481 have
1241 4427 1314 4482 been

165 4512 283 4571 obvious
295 4513 367 4569 lrom
380 4514 428 4570 the
441 4524 562 4571 account
575 4513 658 4586 given
669 4513 701 4568 ol
709 4514 788 4568 them
801 4512 829 4568 in
842 4531 860 4570 a
872 4511 1026 4584 preceding
1035 4523 1102 4568 note
1114 4528 1151 4567 on
1164 4510 1221 4567 this
1231 4511 1314 4584 Title,

688 4613 785 4689 qu
