2986 5048
133 370 184 421 n.
198 363 234 430 ..1
269 360 556 418 Daremma
571 359 1181 419 Ancnnronunsuccassrona.
1218 360 1282 440 347

132 527 329 593 intestatum
352 525 540 593 decessisse.
587 526 650 592 Per
674 525 890 610 adoptionem
917 546 1049 610 quoque
1074 526 1314 609 adgnationis2

133 631 184 696 ius
209 631 368 708 consistit,
391 630 493 695 veluti
518 629 604 697 inter
629 631 714 696 filios
743 631 908 697 naturales
937 640 972 695 et
1001 652 1058 696 eos
1082 652 1167 714 quos
1189 641 1285 714 pater

132 756 247 801 eorum
269 735 443 817 adoptavit
464 731 540 820 (nec
562 735 700 800 dubium
718 744 778 813 est,
795 736 875 819 quin
897 736 1028 819 proprie
1049 736 1285 819 consanguinei

132 835 373 924 appellentur):
411 839 491 903 item
523 839 649 921 siquis
679 861 724 904 ex
752 840 870 906 ceteris
898 839 1052 922 adgnatis
1080 839 1155 914 tuis,
1181 838 1284 903 veluti

132 941 234 1009 irater
262 953 322 1009 aut
350 953 488 1026 patruus
513 951 572 1008 aut
601 943 745 1027 denique
774 945 802 1008 is
831 944 888 1027 qui
913 943 1061 1026 longiore
1089 945 1194 1027 gradu
1225 953 1285 1022 est,

132 1047 279 1130 aliquem
300 1047 518 1129 adoptaverit,
534 1046 698 1130 adgnatos
720 1049 806 1113 inter
823 1068 900 1112 suos
923 1068 996 1112 esse
1018 1067 1084 1111 non
1106 1047 1285 1112 dubitatur.

135 1149 293 1217 Ceterum
321 1151 406 1217 inter
431 1150 596 1216 masculos
624 1153 760 1236 quidem
789 1152 1000 1234 adgnationis
1025 1152 1094 1215 iure
1116 1150 1315 1216 hereditas3

134 1254 238 1320 etiam
267 1254 459 1338 longissimo
495 1254 601 1338 gradu
630 1256 718 1320 ultro
754 1256 901 1339 citroque
933 1256 1088 1338 capitur.'
1124 1256 1214 1337 quod
1239 1256 1284 1319 ad

132 1357 273 1425 seminas
301 1379 379 1423 vero
415 1358 463 1424 ita
499 1358 662 1441 placebat,
692 1367 730 1423 ut
757 1359 849 1442 ipsae
885 1357 1178 1442 consanguinitatis
1215 1359 1285 1424 iure

133 1472 266 1529 tantum
295 1463 428 1547 capiant
464 1462 694 1543 hereditatem,
723 1465 751 1527 si
783 1483 912 1528 sorores
948 1463 1023 1541 sint,
1053 1462 1189 1526 ulterius
1218 1483 1285 1526 non

134 1566 286 1650 capiant:
308 1564 446 1654 masculi
461 1587 540 1631 vero
562 1566 606 1630 ad
629 1587 742 1631 earum
764 1566 973 1642 hereditates,
989 1566 1089 1629 etiam
1112 1565 1140 1629 si
1163 1565 1284 1649 longis-

132 1670 219 1735 simo
244 1672 350 1753 gradu
378 1671 453 1745 sint,
477 1671 705 1737 admittantur.
749 1692 816 1754 qua
838 1673 882 1736 de
904 1691 1003 1734 causa
1026 1669 1134 1734 fratris
1156 1671 1204 1734 tui
1227 1677 1286 1734 aut

134 1776 245 1858 patrui
260 1776 310 1840 tui
325 1774 414 1839 tiliae
432 1775 485 1839 vel
507 1774 631 1840 amitae
652 1785 730 1841 tuae
752 1774 917 1840 hereditas
939 1776 982 1840 ad
1004 1783 1039 1839 te
1060 1774 1212 1857 pertinet,
1226 1783 1286 1839 tua

131 1898 212 1943 vero
227 1879 270 1944 ad
286 1878 360 1943 illas
376 1897 442 1943 non
456 1879 653 1961 pertinebat.
697 1881 787 1962 quod
811 1879 886 1944 ideo
908 1880 955 1944 ita
973 1879 1189 1943 constitutum
1206 1885 1286 1954 erat,

134 1983 214 2064 quia
240 1982 448 2047 commodius
473 1982 650 2047 videbatur
675 1984 722 2047 ita
747 1984 817 2049 iura
843 1983 1005 2059 constitui,
1030 1991 1067 2046 ut
1090 1981 1285 2065 plerumque

131 2084 336 2151 hereditates
350 2086 393 2150 ad
410 2085 576 2151 masculos
599 2086 810 2152 confluerent.
854 2089 913 2152 sed
935 2088 1012 2170 quia
1033 2107 1113 2150 sane
1135 2087 1285 2168 iniquum

132 2199 205 2254 erat
220 2191 254 2254 in
269 2191 459 2255 universum
482 2211 538 2255 eas
560 2192 655 2273 quasi
675 2201 850 2256 extraneas
870 2190 994 2274 repelli,
1016 2200 1147 2273 praetor
1163 2211 1219 2254 eas
1240 2189 1284 2253 ad

132 2293 297 2359 bonorum
322 2294 565 2376 possessionem
594 2296 743 2360 admittit
773 2316 813 2361 ea
842 2306 945 2378 parte,
969 2316 1036 2378 qua
1059 2294 1286 2378 proximitatis

132 2398 269 2463 nomine
290 2397 453 2461 bonorum
476 2399 720 2479 possessionem
742 2400 934 2482 pollicetur:
965 2420 1010 2463 ex
1032 2418 1099 2481 qua
1120 2406 1215 2480 parte
1238 2398 1286 2461 ita

132 2501 259 2567 scilicet
284 2502 515 2580 admittuntur,
534 2502 562 2566 si
586 2522 694 2586 neque
715 2505 881 2588 adgnatus
907 2503 993 2567 ullus
1018 2523 1077 2566 nec
1102 2502 1286 2585 proximior

132 2616 296 2688 cognatus
317 2606 525 2671 interveniat
578 2606 625 2670 Et
647 2606 730 2673 haec
751 2609 887 2690 quidem
913 2608 970 2672 lex
993 2607 1168 2672 duodecim
1191 2605 1285 2669 tabu·

132 2709 242 2775 larum
278 2710 370 2775 nullo
408 2710 509 2775 modo
546 2711 741 2790 introduxit,
776 2714 835 2776 sed
873 2711 1119 2796 simplicitatem
1156 2709 1286 2791 legibus

131 2815 276 2881 amicam
292 2815 450 2897 amplexa
472 2814 572 2880 simili
595 2817 696 2880 modo
718 2836 834 2881 omnes
856 2818 1019 2899 adgnatos
1037 2815 1105 2879 sive
1122 2813 1286 2877 masculos

131 2919 203 2983 sive
228 2917 368 2985 seminas
393 2920 630 3002 cuiuscumque
656 2922 779 3003 gradus
804 2922 847 2986 ad
874 2920 1124 2984 similitudinem
1150 2937 1285 2980 suorum

133 3023 274 3087 invicem
304 3025 347 3088 ad
377 3027 618 3089 successionem
646 3025 806 3093 vocabat:
848 3028 958 3091 media
987 3035 1099 3090 autem
1130 3023 1286 3106 iurispru·

133 3127 257 3202 dentia,
282 3149 368 3210 quac
391 3138 462 3195 erat
484 3130 559 3212 lege
588 3130 725 3211 quidem
751 3130 927 3195 duodecim
957 3129 1145 3195 tabularum
1173 3127 1287 3204 iunior,

134 3232 295 3314 imperiali
328 3241 441 3297 autem
479 3234 697 3317 dispositione
734 3237 886 3314 anterior,
919 3234 1103 3318 suptilitate
1140 3233 1285 3313 quadam

133 3336 325 3418 excogitata
353 3337 537 3420 praelatam
569 3337 789 3403 differentiam
819 3339 998 3404 inducebat
1020 3347 1054 3401 et
1076 3337 1207 3420 penitus
1230 3354 1286 3397 eas

133 3459 155 3503 a
178 3441 384 3504 successione
411 3442 631 3525 adgnatorum
658 3441 849 3525 repellebat,
876 3443 967 3507 omni
992 3442 1057 3507 alia
1079 3438 1286 3507 successione

134 3541 311 3627 incognita,
333 3545 438 3608 donec
458 3553 638 3628 praetores,
660 3544 820 3628 paulatim
843 3546 1056 3628 asperitatem
1082 3542 1160 3606 iuris
1183 3540 1286 3610 civilis

132 3646 334 3730 corrigentes
360 3649 430 3712 sive
454 3649 545 3731 quod
571 3650 668 3714 deest
691 3649 922 3731 adimplentes,
944 3648 1091 3712 humano
1114 3645 1286 3729 proposito

132 3749 235 3813 allum
262 3752 411 3816 ordinem
444 3754 512 3816 suis
539 3752 655 3817 edictis
680 3753 880 3818 addiderunt
907 3763 940 3818 et
970 3751 1175 3834 cognationis
1200 3749 1286 3812 linea

131 3853 357 3937 proximitatis
387 3857 521 3919 nomine
550 3856 738 3921 introducta
764 3876 823 3939 per
852 3857 1015 3919 bonorum
1040 3853 1284 3939 possessionem

132 3976 190 4021 eas
214 3957 416 4023 adiuvabant
439 3968 473 4023 et
499 3959 741 4040 pollicebantur
765 3958 818 4022 his
843 3960 1005 4022 bonorum
1033 3956 1285 4040 possessionem,

132 4080 220 4142 quae
249 4062 337 4125 unde
362 4063 495 4145 cognati
523 4062 717 4146 appellatur.
762 4063 835 4126 Nos
861 4083 940 4126 vero
970 4062 1079 4144 legem
1108 4057 1285 4124 duodecim

130 4163 320 4249 tabularum
336 4174 512 4246 sequentes
527 4175 560 4229 et
576 4167 646 4229 eius
660 4165 800 4248 vestigia
818 4166 851 4228 in
866 4165 929 4230 hac
944 4174 1039 4249 parte
1054 4166 1285 4226 conservantes

130 4265 308 4330 laudamus
337 4267 471 4350 quidem
504 4280 674 4352 praetores
706 4289 786 4332 suae
818 4267 1043 4343 humanitatis,
1074 4285 1141 4328 non
1171 4272 1285 4326 tamen

169 4415 185 4483 l
198 4419 225 4471 8.
245 4417 308 4472 The
320 4418 381 4472 rule
393 4418 455 4473 that
467 4418 570 4473 female
582 4430 701 4488 agnates
714 4436 786 4473 were
799 4428 849 4473 not
862 4418 980 4473 entitled
993 4428 1023 4471 to
1035 4414 1156 4470 succeed
1169 4430 1202 4468 as
1214 4412 1284 4467 such

131 4496 158 4557 il
165 4514 245 4553 more
263 4502 400 4569 remorely
412 4500 520 4553 related
533 4511 563 4552 to
577 4502 625 4552 the
637 4501 779 4552 deceased
791 4502 861 4552 than
873 4518 906 4553 as
918 4501 1016 4555 eisters
1028 4515 1087 4552 was
1099 4497 1155 4554 due
1167 4506 1197 4551 to
1209 4495 1285 4553 what
