2986 5048
134 364 184 413 Tit.
197 355 234 424 3]
493 354 555 410 DE
574 355 688 410 LEGE
709 355 898 428 AQUILIA.
1218 365 1279 435 511

45 568 49 573 ·
134 522 305 604 pignerata
330 519 399 584 sive
420 520 572 604 deposita
595 524 637 586 sit
660 524 749 604 apud
771 523 897 586 Titium
920 522 975 601 sic,
999 532 1036 587 ut
1063 523 1189 588 intersit
1213 526 1283 589 eius

135 646 208 690 eam
241 646 307 688 non
334 624 462 704 auferri,
491 627 592 690 veluti
624 627 651 689 si
682 627 715 689 in
745 647 780 691 re
809 628 961 710 deposita
990 627 1121 710 culpam
1151 650 1284 711 quoque

134 730 293 813 promisit,
313 730 381 792 sive
407 729 494 793 bona
521 730 587 795 fide
611 732 788 813 possideat,
810 733 878 795 sive
902 752 997 795 usum
1023 732 1164 797 fructum
1188 735 1221 796 in
1244 755 1284 797 ea

135 834 209 916 quis
235 833 357 898 habeat
382 834 435 897 vel
462 836 552 917 quod
579 835 668 898 aliud
699 837 758 911 ius,
786 846 822 900 ut
853 837 981 899 intersit
1008 836 1077 900 eius
1100 857 1167 900 non
1194 839 1283 919 rapi:

135 939 313 1002 dicendum
332 947 382 1002 est
400 950 587 1021 competere
608 940 637 1003 ei
660 939 745 1005 hanc
768 940 945 1017 actionem,
961 951 998 1004 ut
1014 961 1080 1004 non
1099 942 1284 1005 dominium

135 1042 286 1125 accipiat,
313 1043 372 1106 sed
397 1042 477 1107 illud
507 1043 623 1117 solum,
647 1046 737 1128 quod
769 1065 812 1108 ex
839 1045 933 1108 bonis
957 1045 1027 1108 eius
1052 1046 1108 1127 qui
1135 1045 1284 1127 rapinam

136 1168 251 1230 passus
270 1156 328 1225 est,
348 1148 382 1211 id
405 1157 456 1212 est
478 1150 567 1231 quod
589 1170 634 1213 ex
656 1149 841 1213 substantia
865 1150 934 1213 eius
950 1149 1100 1213 ablatum
1120 1170 1191 1212 esse
1209 1170 1284 1231 pro·

136 1263 286 1334 ponatur.
331 1262 364 1316 et
384 1253 581 1335 generaliter
600 1255 776 1318 dicendum
799 1262 857 1332 est,
874 1274 917 1317 ex
940 1254 1060 1336 quibus
1081 1254 1188 1317 causis
1209 1253 1285 1318 furti

136 1356 224 1420 actio
239 1356 398 1438 competit
414 1359 446 1420 in
463 1358 597 1422 teclam
613 1356 709 1438 sacta,
725 1380 769 1422 ex
786 1358 893 1422 isdem
908 1359 1015 1424 causis
1033 1378 1148 1422 omnes
1164 1358 1287 1422 habere

136 1458 222 1523 hauc
237 1459 409 1525 actionem.

682 1596 747 1661 111.

533 1775 582 1824 uu
606 1774 702 1825 usca
724 1773 893 1837 nouum.

184 1921 307 1984 Damni
344 1921 479 1986 iniuriae
513 1923 601 1987 actio
634 1923 844 1987 constituitur
876 1943 934 2005 per
967 1922 1074 2004 legem
1105 1921 1288 2004 Aquiliam·

140 2025 232 2089 cuius
258 2027 365 2108 primo
388 2028 497 2108 capite
517 2037 649 2091 cautum
670 2037 728 2104 est,
750 2036 787 2091 ut
809 2027 835 2090 si
859 2028 932 2108 quis
954 2026 1122 2090 hominem
1144 2027 1288 2091 alienum

140 2129 324 2193 alienamve
350 2132 601 2213 quadrupedem
632 2152 717 2213 quae
743 2131 907 2214 pecudum
935 2151 1072 2195 numero
1101 2131 1143 2194 sit
1173 2130 1289 2193 iniuria

140 2233 303 2311 occiderit,
316 2234 431 2316 quanti
448 2255 487 2297 ea
504 2255 554 2297 res
571 2235 603 2298 in
620 2256 660 2299 eo
675 2254 763 2298 anno
778 2234 909 2317 plurimi
927 2234 996 2314 fuit,
1008 2245 1138 2299 tantum
1154 2235 1290 2297 domino

141 2487 189 2542 the
202 2486 363 2542 bonitarian
374 2487 446 2542 form
456 2488 489 2543 ot'
497 2489 588 2543 which
598 2490 647 2544 the
656 2490 760 2559 phrase
773 2487 819 2543 ‘in
830 2488 913 2543 bonis
924 2488 1043 2543 habere’
1055 2506 1112 2543 was
1122 2487 1272 2558 employed
1284 2506 1292 2555 ;

142 2569 198 2624 this
208 2587 302 2626 seems
312 2572 387 2625 clear
396 2571 467 2625 from
478 2573 526 2626 the
535 2573 674 2641 language
688 2572 810 2627 towards
824 2573 872 2626 the
885 2571 942 2626 end
954 2572 988 2625 of
1002 2573 1050 2625 the
1063 2572 1232 2641 paragraph,
1246 2571 1291 2626 ‘ut

142 2669 199 2706 non
219 2652 376 2707 dominium
391 2654 521 2724 accipiat,
538 2654 589 2709 sed
607 2654 675 2708 illud
697 2655 797 2722 solum,
820 2654 896 2723 quod
917 2671 951 2708 ex
971 2653 1054 2707 bonis
1072 2653 1152 2708 eius.
1168 2692 1174 2706 .
1188 2692 1195 2706 .
1210 2655 1225 2708 .'
1258 2656 1291 2707 ln

142 2736 224 2791 other
237 2753 373 2806 passages
386 2736 415 2791 in
427 2737 510 2792 bonis
522 2737 580 2792 and
592 2755 627 2793 ex
639 2737 722 2791 bonis
734 2754 782 2791 are
795 2747 845 2791 not
864 2736 1080 2805 distinguished,
1093 2755 1115 2791 e.
1127 2754 1153 2805 g.
1169 2736 1235 2805 Dig.
1251 2749 1290 2804 so

146 2819 186 2873 16.
199 2834 235 2888 49
247 2839 253 2883 ;
271 2833 313 2884 41.
332 2835 353 2874 ι.
365 2834 400 2886 42
413 2838 419 2887 ;
439 2833 481 2888 35.
495 2835 520 2874 2.
534 2835 576 2888 32.
593 2835 614 2887 t,
628 2820 720 2875 where
733 2820 761 2873 in
776 2819 860 2873 bonis
872 2821 924 2874 has
938 2821 1007 2873 such
1021 2837 1038 2873 a
1051 2819 1122 2873 wide
1135 2836 1218 2873 sense
1231 2819 1293 2873 that

143 2901 263 2970 nothing
275 2918 368 2957 seems
381 2912 410 2957 to
423 2903 460 2957 be
472 2903 521 2958 lest
533 2903 576 2957 sor
588 2920 622 2957 ex
634 2901 717 2956 bonis
730 2913 759 2957 to
772 2901 892 2957 include.
919 2903 982 2957 ‘ibe
992 2901 1155 2956 distinction
1165 2902 1293 2956 between

143 2985 192 3039 the
205 3003 323 3055 persons
336 2986 399 3040 who
412 2985 495 3040 could
509 3003 558 3040 sue
571 3002 609 3039 on
626 2984 706 3051 theit,
716 2985 774 3039 and
782 2985 864 3040 those
877 2987 940 3039 who
953 2986 1037 3040 could
1050 3003 1099 3040 sue
1113 3002 1150 3039 on
1163 2985 1293 3053 robbery,

144 3085 237 3123 seems
251 3079 280 3123 to
293 3069 399 3123 consist
413 3069 440 3122 in
454 3070 503 3123 the
516 3069 678 3139 depositary
690 3069 776 3138 being
789 3068 817 3122 in
833 3085 913 3124 some
925 3086 1006 3124 cases
1019 3069 1137 3123 allowed
1150 3070 1199 3123 the
1211 3069 1294 3122 latter

145 3153 237 3207 where
249 3153 286 3206 he
299 3152 383 3206 could
396 3163 445 3207 not
457 3152 541 3222 bring
557 3152 605 3207 the
624 3152 728 3207 former
744 3152 848 3221 action,
861 3169 894 3206 or
899 3153 1028 3225 perhaps
1042 3151 1069 3205 in
1083 3169 1162 3207 some
1176 3167 1295 3220 persons

145 3234 249 3304 having
267 3236 315 3290 the
334 3235 409 3289 actio
427 3237 565 3291 bonomm
584 3234 611 3289 vi
631 3246 775 3305 raptorum
794 3236 866 3303 who,
879 3236 987 3304 though
1001 3235 1105 3303 having
1118 3252 1153 3289 an
1168 3234 1294 3301 interest,

145 3317 218 3372 have
231 3335 268 3372 no
281 3319 339 3373 real
352 3318 435 3387 right,
449 3317 623 3389 possession,
638 3334 670 3371 or
688 3317 834 3373 detention
849 3337 856 3383 ς
877 3317 987 3372 ‘utilius
1004 3318 1156 3373 dicendum
1175 3327 1227 3383 est,
1241 3317 1294 3371 etsi

146 3411 237 3456 cesset
256 3400 331 3456 actio
348 3401 411 3456 iurti
432 3403 547 3456 obrem
567 3400 735 3470 depositam,
748 3418 812 3455 esse
831 3410 927 3455 tamen
947 3401 973 3454 vi
992 3402 1131 3455 bonorum
1150 3410 1295 3469 raptorum

146 3484 295 3553 actionem,
314 3484 381 3555 quia
399 3502 455 3538 non
475 3484 593 3539 minima
611 3484 771 3539 differentia
788 3494 831 3538 est
851 3484 924 3538 inter
943 3500 1017 3550 eum,
1031 3483 1076 3553 qui
1091 3485 1164 3537 clam
1177 3482 1253 3549 facit,
1267 3492 1295 3538 et

145 3585 219 3636 eum,
229 3568 277 3639 qui
289 3568 371 3638 rapit,
384 3586 448 3624 cum
462 3568 509 3623 ille
521 3570 592 3623 celet
606 3585 688 3622 suum
701 3567 843 3634 delictum,
857 3567 902 3621 hic
915 3567 1038 3637 publicet
1048 3578 1076 3622 et
1089 3567 1195 3620 crimen
1208 3565 1295 3620 etiam

146 3652 289 3722 publicum
310 3652 448 3707 admittat.
487 3652 517 3707 Si
543 3651 605 3722 quis
628 3650 711 3720 igitur
730 3651 865 3705 interesse
891 3668 943 3705 sua
967 3652 1010 3706 vel
1036 3650 1148 3705 modice
1173 3647 1295 3717 docebit,

146 3735 231 3791 debet
244 3736 349 3790 habere
363 3735 389 3789 vi
401 3735 540 3790 bonorum
553 3746 697 3804 raptomm
711 3734 867 3789 actionem'
881 3733 947 3803 Dig.
960 3748 1001 3800 47.
1016 3735 1041 3788 8.
1056 3748 1079 3789 2.
1094 3749 1135 3800 24

183 3820 245 3874 ΤῙιε
264 3818 392 3873 criminal
410 3819 577 3874 altemative
593 3817 635 3873 ior
648 3819 695 3873 the
708 3817 772 3872 civil
785 3817 879 3871 action
892 3833 930 3871 on
943 3817 1064 3885 robbery
1076 3833 1134 3870 was
1147 3833 1183 3869 an
1197 3814 1297 3869 indict·

147 3913 225 3957 ment
235 3902 325 3957 under
334 3903 382 3957 the
392 3903 437 3956 lex
449 3902 521 3958 Iulia
533 3902 569 3957 de
582 3901 617 3971 vi,
631 3901 673 3958 ior
685 3903 733 3957 the
746 3900 884 3971 penalties
896 3899 1022 3954 inflicted
1034 3900 1072 3969 by
1081 3900 1172 3953 which
1183 3915 1230 3954 see
1241 3897 1297 3954 Tit.

151 3989 190 4043 18.
205 3989 220 4041 8
234 3987 281 4041 ins.

183 4074 244 4126 un.
256 4073 319 4125 ΠΙ.
338 4070 413 4125 ‘Lex
425 4069 539 4141 Aquilia
551 4069 684 4124 omnibus
697 4068 815 4138 legibus,
826 4083 899 4138 quae
912 4073 978 4121 ante
991 4082 1022 4120 se
1032 4065 1068 4120 de
1078 4066 1184 4120 damno
1196 4061 1298 4118 iniuria

148 4154 259 4209 locutae
277 4164 351 4221 sunt,
371 4153 515 4222 derogavit
531 4152 695 4223 (repenled),
708 4152 768 4206 sive
785 4149 936 4205 duodecim
953 4148 1057 4203 tabulis
1074 4148 1133 4203 sive
1151 4148 1207 4201 alia
1224 4163 1299 4217 quae

148 4237 209 4304 luit,
228 4254 299 4307 quas
321 4239 398 4306 leges
417 4253 493 4290 nunc
514 4236 617 4291 referre
638 4253 696 4289 non
717 4246 761 4290 est
782 4251 907 4289 necesse
946 4233 1027 4302 Quae
1045 4233 1090 4287 lex
1108 4231 1222 4301 Aquilia
1240 4230 1298 4299 ple-

148 4319 282 4375 biscitum
297 4330 350 4386 est,
361 4335 426 4373 cum
443 4335 509 4373 earn
526 4318 663 4389 Aquilius,
677 4318 805 4372 tribunus
822 4316 923 4387 plebis,
935 4332 953 4370 a
966 4315 1048 4385 plebe
1063 4312 1219 4383 rogaverit’
1231 4311 1298 4383 Dig.

150 4416 174 4473 9.
189 4419 213 4458 2.
230 4417 251 4456 1.
266 4419 306 4472 pr.
319 4421 327 4470 ;
345 4402 382 4457 its
394 4402 469 4471 date,
482 4401 636 4471 according
650 4412 681 4456 to
692 4400 876 4471 Theophilus,
890 4416 947 4454 was
960 4400 1008 4454 the
1021 4397 1097 4453 third
1113 4395 1257 4452 secession
1270 4395 1304 4450 oi

40 4532 50 4553 ,
150 4487 200 4545 the
211 4485 301 4558 plebs,
314 4484 380 4542 circ.
394 4497 455 4543 uc.
470 4485 529 4553 287.
567 4485 629 4543 The
642 4484 775 4541 temsoi
786 4500 847 4557 cap.
862 4482 879 4540 i.
892 4500 940 4540 are
953 4479 1105 4555 preserved
1116 4480 1155 4550 by
1168 4480 1258 4536 Gaius
1270 4478 1300 4535 in
