2986 5048
187 364 250 436 250
387 345 738 415 Jnsrrrurrorvurr
755 357 874 413 aran!
893 356 1129 430 QUATTUOR.
1228 358 1343 426 [unu.

186 522 306 586 liberos
328 522 397 588 iure
419 523 505 588 civili
528 544 636 606 neque
657 521 795 587 heredes
819 523 988 588 instituere
1007 542 1114 606 neque
1134 520 1342 587 exheredare

187 646 321 691 necesse
348 637 409 702 est,
433 628 511 709 quia
537 647 604 691 non
629 635 707 691 sunt
732 627 783 690 sui
803 626 951 692 heredes.
982 629 1041 690 sed
1066 636 1199 710 praetor
1221 644 1342 689 omnes

186 738 257 795 tam
272 730 420 794 feminini
443 751 544 814 quam
560 730 730 796 masculini
751 751 861 809 sexus,
875 731 903 794 si
925 730 1065 795 heredes
1080 749 1146 794 non
1162 729 1341 794 instituan-

187 843 253 909 tur,
269 832 463 898 exheredari
478 834 578 910 iubet,
594 834 696 899 virilis
710 853 812 898 sexus
827 835 1032 912 nominatim,
1047 833 1194 898 seminini
1210 852 1290 897 vero
1305 840 1343 896 et

188 937 275 1003 inter
290 946 426 1002 ceteros.
457 939 577 1022 quodsi
592 959 700 1022 neque
714 938 854 1003 heredes
875 940 1017 1003 instituti
1032 939 1153 1002 suerint
1168 956 1277 1020 neque
1293 936 1342 1000 ita

188 1052 227 1107 ut
252 1042 398 1106 diximus
423 1042 625 1122 exheredati,
648 1044 812 1126 promittit
834 1054 967 1126 praetor
993 1045 1040 1106 eis
1065 1052 1180 1107 contra
1206 1039 1342 1106 tabulas

160 1148 381 1211 rtestamenti
397 1147 559 1211 bonorum
575 1149 827 1230 possessionem.
872 1145 1036 1229 Adoptivi
1059 1146 1153 1211 liberi
1177 1146 1340 1228 quamdiu

189 1260 267 1314 sunt
283 1251 315 1314 in
330 1260 497 1333 potestate
512 1253 616 1334 patris
631 1253 790 1336 adoptivi,
803 1253 951 1316 eiusdem
968 1252 1045 1315 iuris
1055 1250 1229 1326 habentur,
1245 1250 1341 1313 cuius

191 1363 268 1419 sunt
283 1354 377 1419 iustis
392 1356 515 1438 nuptiis
530 1356 689 1438 quaesiti:
712 1356 825 1437 itaque
845 1355 984 1419 heredes
1002 1353 1195 1418 instituendi
1210 1352 1263 1416 vel
1281 1373 1343 1416 ex·

189 1457 372 1523 heredandi
386 1468 463 1523 sunt
475 1461 656 1524 secundum
672 1480 711 1523 ea
726 1480 813 1542 quae
828 1460 870 1525 de
886 1458 1090 1523 naturalibus
1105 1457 1341 1538 exposuimus:

191 1562 390 1644 emancipati
421 1583 499 1627 vero
524 1584 544 1627 a
573 1573 667 1646 patre
696 1565 855 1647 adoptivo
881 1584 989 1646 neque
1019 1562 1088 1625 iure
1120 1559 1205 1624 civili
1233 1579 1344 1642 neque

190 1664 281 1749 quod
304 1666 347 1729 ad
371 1665 517 1730 edictum
537 1666 698 1750 praetoris
722 1668 842 1731 attinet
865 1667 951 1731 inter
973 1666 1093 1729 liberos
1116 1672 1342 1727 numerantur.

191 1789 257 1852 qua
273 1769 400 1833 ratione
414 1770 543 1845 accidit,
559 1780 597 1836 ut
618 1791 663 1835 ex
686 1771 816 1835 diverso
838 1770 929 1853 quod
952 1770 995 1833 ad
1019 1767 1203 1833 naturalem
1223 1783 1344 1848 paren·

191 1882 261 1938 tem
283 1873 413 1952 attinet,
429 1875 588 1956 quamdiu
605 1876 739 1957 quidem
762 1876 829 1940 sint
852 1876 885 1938 in
907 1874 1066 1955 adoptiva
1080 1871 1214 1950 familia,
1230 1878 1344 1933 extra·

192 1996 330 2041 neorum
354 1998 492 2042 numero
515 1978 707 2058 habeantur,
730 1988 767 2043 ut
792 2000 848 2043 eos
874 1995 980 2060 neque
1005 1975 1144 2040 heredes
1167 1975 1343 2039 instituere

192 2101 302 2164 neque
321 2081 525 2146 exheredare
547 2102 682 2146 necesse
702 2083 763 2147 sit:
798 2103 873 2146 cum
895 2102 975 2146 vero
998 2079 1195 2162 emancipati
1218 2079 1344 2142 fuerint

192 2186 236 2249 ab
265 2185 424 2266 adoptivo
447 2195 550 2268 patre,
577 2194 656 2250 tunc
681 2186 838 2269 incipiant
864 2187 897 2249 in
923 2206 963 2249 ea
986 2204 1086 2249 causa
1113 2203 1194 2259 esse,
1218 2183 1253 2247 in
1276 2203 1345 2266 qua

193 2289 294 2352 futuri
319 2297 437 2363 essent,
461 2289 488 2351 si
519 2289 562 2352 ab
588 2292 659 2372 ipso
683 2289 824 2354 naturali
850 2297 945 2371 patre
971 2287 1169 2370 emancipati
1195 2286 1344 2351 fuissent

164 2389 182 2443 5
196 2391 264 2457 Sed
279 2391 362 2456 haec
381 2402 529 2457 vetustas
552 2394 791 2458 introducebat.
823 2404 935 2469 nostra
949 2413 1027 2456 vero
1050 2390 1243 2455 constitutio
1259 2390 1347 2454 inter

196 2494 360 2560 masculos
386 2507 420 2561 et
445 2496 584 2561 seminas
611 2496 644 2560 in
669 2496 731 2560 hoc
758 2497 827 2560 iure
851 2496 931 2559 nihil
956 2497 1113 2561 interesse
1140 2493 1345 2572 existimans,

195 2601 272 2682 quia
284 2609 423 2682 utraque
434 2620 574 2682 persona
586 2600 619 2665 in
630 2601 803 2665 hominum
811 2601 1038 2683 procreatione
1048 2598 1197 2662 similiter
1206 2606 1346 2662 naturae
1367 2580 1372 2590 ⁸

195 2704 302 2768 officio
326 2704 474 2786 iungitur
497 2714 531 2769 et
554 2705 628 2788 lege
650 2705 787 2788 antiqua
814 2703 991 2768 duodecim
1017 2703 1204 2767 tabularum
1228 2723 1346 2767 omnes

196 2808 346 2872 similiter
371 2807 414 2871 ad
444 2810 667 2873 successiones
696 2810 740 2873 ab
771 2809 929 2873 intestato
954 2807 1166 2880 vocabantur,
1194 2807 1284 2888 quod
1312 2814 1347 2870 et

195 2923 362 2995 praetores
374 2923 490 2994 postea
502 2914 605 2977 secuti
618 2934 690 2977 esse
702 2914 862 2989 videntur,
877 2913 952 2976 ideo
964 2911 1106 2993 simplex
1122 2931 1161 2975 ac
1176 2910 1284 2974 simile
1297 2910 1347 2973 ius

195 3024 229 3079 et
245 3016 278 3078 in
294 3015 368 3080 filiis
385 3026 419 3081 et
435 3016 468 3079 in
480 3016 611 3081 filiabus
626 3027 660 3082 et
676 3017 708 3079 in
725 3016 840 3081 ceteris
856 3015 1133 3081 descendentibus
1148 3034 1207 3095 per
1217 3013 1346 3077 virilem

195 3138 314 3183 sexum
337 3121 486 3201 personis
509 3141 575 3184 non
597 3120 704 3184 solum
728 3121 824 3198 natis,
849 3121 907 3183 sed
931 3120 1032 3183 etiam
1057 3118 1220 3200 postumis
1245 3118 1347 3181 intro·

196 3223 303 3302 duxit,
320 3233 357 3288 ut
372 3244 497 3299 omnes,
517 3224 585 3288 sive
607 3225 657 3287 sui
681 3224 749 3288 sive
768 3224 966 3305 emancipati
990 3230 1077 3297 sunt,
1093 3232 1127 3286 et
1150 3221 1347 3284 nominatim

197 3325 442 3391 exheredentur
464 3335 497 3392 et
520 3328 662 3391 eundem
689 3327 836 3393 habeant
860 3327 1013 3391 effectum
1039 3327 1123 3389 circa
1145 3333 1348 3389 testamenta

196 3440 371 3513 parentum
382 3451 515 3494 suorum
528 3431 723 3497 infirmanda
736 3442 769 3496 et
780 3432 1000 3496 hereditatem
1011 3430 1235 3504 auferendam,
1247 3450 1348 3512 quem

196 3533 255 3597 filii
270 3534 320 3599 sui
335 3533 388 3596 vel
403 3534 602 3615 emancipati
618 3534 751 3613 habent,
764 3535 832 3599 sive
847 3535 912 3598 iam
930 3535 998 3597 nati
1014 3543 1090 3596 sunt
1106 3532 1174 3597 sive
1189 3530 1299 3596 adhuc
1316 3533 1349 3595 in

198 3647 293 3702 utero
315 3637 485 3702 constituti
501 3649 618 3721 postea
638 3641 707 3702 nati
730 3648 816 3703 sunt.
850 3639 935 3702 circa
954 3636 1129 3719 adoptivos
1144 3644 1257 3699 autem
1280 3656 1350 3699 cer·

199 3752 270 3807 tam
293 3741 485 3805 induximus
506 3743 708 3818 divisionem,
728 3763 813 3825 quae
836 3742 1062 3806 constitutioni
1086 3748 1226 3814 nostrae,
1248 3761 1350 3822 quam

199 3959 249 4015 but
266 3960 333 4030 only
344 3960 427 4014 those
439 3959 511 4027 who,
524 3958 582 4014 bad
600 3960 637 4014 he
656 3957 723 4014 died
741 3957 882 4026 intestate,
896 3956 988 4011 would
1006 3957 1079 4012 have
1097 3955 1171 4011 been
1190 3955 1309 4012 entitled
1321 3969 1351 4013 to

199 4042 321 4098 succeed
343 4042 402 4096 him
421 4042 459 4112 by
481 4043 529 4098 the
550 4043 645 4098 clause
664 4041 694 4096 in
713 4042 763 4097 the
784 4041 860 4096 edict
879 4039 970 4095 ‘unde
988 4039 1086 4108 liberi‚'
1101 4057 1149 4094 see
1168 4040 1219 4095 Bk
1234 4039 1272 4097 iii.
1286 4056 1311 4110 o
1326 4055 1350 4109 3.

200 4126 258 4180 and
270 4136 361 4193 notes,
374 4124 422 4180 ins.

238 4210 295 4277 §n
315 4210 358 4278 By
377 4208 425 4263 the
445 4206 629 4263 constitution
650 4217 681 4263 to
699 4207 791 4262 which
811 4208 848 4261 he
866 4205 952 4262 refers
973 4204 1055 4274 (Cod.
1068 4206 1092 4260 6.
1108 4206 1149 4260 28.
1162 4204 1190 4272 4)
1210 4203 1352 4274 Justinian

200 4292 331 4363 required
350 4293 386 4347 all
404 4293 603 4360 descendants,
622 4293 715 4347 whom
733 4292 830 4346 before
848 4289 871 4345 it
887 4291 945 4344 had
963 4290 1036 4344 been
1055 4305 1207 4357 necessary
1219 4300 1249 4342 to
1265 4287 1352 4343 disin-

200 4374 274 4430 herit
287 4386 316 4431 at
334 4376 380 4445 all,
393 4385 423 4430 to
435 4376 471 4431 be
484 4375 512 4429 in
531 4374 623 4430 future
642 4374 732 4429 either
748 4374 904 4442 instituted,
918 4389 951 4428 or
968 4371 1155 4428 disinherited
1173 4371 1352 4428 nominatim.

203 4458 238 4512 ln
251 4457 366 4529 delault,
379 4457 403 4513 ii
415 4458 465 4514 the
481 4456 677 4529 pretermitted
691 4456 768 4512 child
786 4473 844 4513 was
856 4473 874 4512 a
886 4472 963 4526 suus,
975 4456 1024 4512 the
1041 4454 1095 4510 will
1109 4470 1166 4510 was
1178 4452 1263 4521 void:
1283 4453 1308 4518 il
1316 4455 1353 4514 he
