2986 5048
245 371 306 419 112
446 359 799 417 INSTITUYIONUM
815 360 937 417 LIBRI
954 360 1038 433 QUA
1045 362 1099 417 Π
1102 362 1191 419 UOR.
1301 365 1367 432 [Lib.
1379 373 1399 422 1.

241 528 400 591 curatoris
428 526 573 591 habendi
600 526 720 609 'gratia
756 536 814 592 aut
862 528 1016 592 ancillam
1053 530 1254 595 matrimonii
1288 551 1398 611 causa,

241 631 321 694 dum
347 641 459 695 tamen
484 632 569 695 intra
592 653 654 696 sex
675 652 805 695 menses
825 653 911 696 uxor
931 632 1080 708 ducatur,
1104 633 1166 696 nisi
1192 635 1279 698 iusta
1297 655 1397 700 causa

242 734 409 816 impediat,
427 743 460 798 et
480 736 536 817 qui
557 733 798 799 manumittitur
819 737 1037 819 procuratoris
1059 735 1204 801 habendi
1222 741 1330 820 gratia
1354 761 1397 803 ne

211 839 349 902 ominor
370 848 498 920 septem
526 847 560 902 et
584 838 698 902 decem
725 840 818 902 annis
841 841 1101 904 manumittatur.
1147 839 1260 905 Semel
1283 853 1397 906 autem

240 962 339 1006 causa
354 943 546 1024 adprobata,
563 941 631 1005 sive
645 963 723 1007 vera
738 945 807 1007 sive
822 942 905 1007 salsa
920 944 972 1021 sit,
986 963 1054 1007 non
1071 954 1273 1009 retractatur.

287 1045 372 1111 Cum
397 1067 475 1129 ergo
504 1055 612 1110 certus
638 1049 756 1111 modus
783 1048 1038 1111 manumittendi
1072 1048 1251 1112 minoribus
1278 1051 1396 1134 viginti

212 1149 336 1218 tannis
361 1151 504 1214 dominis
532 1171 592 1233 per
622 1150 731 1234 legem
761 1149 895 1215 Aeliam
932 1150 1083 1216 Sentiam
1113 1154 1311 1217 constitutus
1344 1156 1397 1231 sit,

242 1254 424 1329 eveniebat,
440 1263 486 1329 ut,
503 1254 558 1337 qui
574 1255 837 1336 quattuordecim
853 1275 957 1318 annos
972 1256 1092 1319 aetatis
1112 1256 1303 1338 expleverit,
1318 1257 1396 1323 licet

241 1366 478 1422 testamentum
504 1359 610 1422 facere
635 1357 739 1442 possit
763 1367 797 1422 et
823 1359 856 1421 in
883 1379 922 1422 eo
948 1357 1104 1422 heredem
1132 1359 1194 1422 sibi
1225 1360 1396 1426 instituere

242 1460 416 1543 legataque
443 1461 625 1544 relinquere
649 1462 763 1545 possit,
786 1470 910 1537 tamen,
931 1461 959 1525 si
983 1461 1091 1526 adhuc
1115 1463 1223 1526 minor
1237 1464 1281 1529 sit
1299 1467 1395 1528 annis

240 1565 367 1647 viginti,
392 1564 578 1629 libertatem
605 1586 700 1629 servo
729 1567 809 1629 dare
838 1585 904 1629 non
929 1575 1069 1648 poterat
1114 1567 1202 1648 quod
1233 1579 1396 1634 nouerat

242 1668 421 1747 terendum,
437 1669 464 1732 si
480 1669 518 1744 is,
533 1668 584 1732 cui
600 1677 744 1733 totorum
766 1669 926 1733 bonorum
948 1670 981 1733 in
1002 1678 1203 1734 testamento
1222 1672 1396 1755 dispositio

240 1773 322 1836 data
337 1781 415 1851 erat,
427 1773 482 1835 uni
498 1793 591 1836 servo
606 1772 795 1837 libertatem
811 1773 891 1838 dare
906 1794 972 1838 non
988 1773 1247 1857 permittebatur.
1292 1796 1396 1858 quare

241 1896 301 1939 nos
327 1876 477 1940 similiter
502 1877 531 1939 ei
558 1877 839 1959 quemadmodum
861 1875 943 1941 alias
972 1897 1024 1940 res
1051 1876 1098 1941 ita
1123 1885 1156 1941 et
1185 1899 1295 1942 servos
1316 1900 1395 1944 suos

241 1981 275 2042 in
301 1981 417 2044 ultima
439 1980 610 2045 voluntate
641 1982 815 2064 disponere
848 1981 1129 2062 quemadmodum
1154 1981 1293 2046 voluerit
1320 2004 1396 2065 per·

241 2083 413 2161 mittimus,
437 2095 473 2149 ut
503 2093 537 2149 et
567 2085 754 2149 libertatem
786 2085 832 2148 eis
861 2086 966 2168 possit
998 2094 1175 2168 praestare.
1231 2088 1290 2150 sed
1317 2108 1394 2152 cum

242 2186 376 2252 libertas
406 2187 654 2253 inaestimabilis
683 2197 734 2252 est
764 2198 798 2253 et
827 2197 962 2272 propter
989 2188 1054 2253 hoc
1090 2200 1169 2253 ante
1198 2191 1394 2254 vicesimum

241 2291 360 2355 aetatis
384 2311 505 2355 annum
536 2291 713 2374 antiquitas
744 2291 931 2356 libertatem
961 2313 1055 2356 servo
1080 2293 1151 2357 dari
1176 2291 1393 2376 prohibebat:

242 2392 317 2457 ideo
348 2414 408 2457 nos
438 2394 581 2458 mediam
613 2394 861 2477 quodammodo
891 2397 979 2460 viam
1014 2394 1174 2478 eligentes
1203 2416 1269 2460 non
1297 2398 1395 2463 aliter

242 2496 358 2560 minori
378 2496 493 2580 viginti
519 2497 612 2561 annis
631 2498 821 2563 libertatem
842 2498 874 2562 in
898 2509 1099 2564 testamento
1117 2501 1196 2565 dare
1218 2521 1313 2565 servo
1332 2524 1393 2566 suo

240 2601 459 2675 concedimus,
477 2601 538 2664 nisi
561 2602 739 2684 septimum
762 2610 796 2666 et
817 2601 983 2666 decimum
1004 2623 1127 2668 annum
1150 2604 1335 2687 impleverit
1358 2616 1394 2670 et

239 2715 392 2769 octavum
413 2703 577 2768 decimum
599 2707 755 2789 tetigerit.
799 2726 875 2770 cum
899 2708 986 2770 enim
1005 2708 1183 2789 antiquitas
1202 2707 1393 2774 huiusmodi

239 2809 340 2873 aetati
357 2818 391 2872 et
406 2829 465 2891 pro
480 2808 552 2873 aliis
567 2809 733 2892 postulare
755 2811 927 2886 concessit,
944 2831 1000 2874 cur
1014 2832 1080 2874 non
1100 2812 1202 2875 etiam
1217 2812 1266 2876 sui
1281 2813 1394 2877 iudicii

238 2911 401 2976 stabilitas
424 2913 470 2975 ita
492 2933 549 2975 eos
571 2912 725 2977 adiuvare
748 2915 906 2992 credatur,
921 2923 957 2979 ut
974 2924 1007 2978 et
1022 2915 1065 2978 ad
1081 2913 1249 2980 libertates
1263 2916 1393 2982 dandas

239 3016 340 3078 servis
356 3017 423 3078 suis
437 3017 563 3097 possint
579 3017 773 3099 provenire?

240 3226 329 3294 tarch,
343 3226 379 3282 de
392 3227 472 3282 educ.
486 3226 580 3282 liberis
593 3240 619 3296 7,
633 3227 757 3296 Plautus,
770 3235 884 3282 mercat.
898 3227 1005 3297 prolog.
1019 3227 1062 3295 89,
1078 3226 1144 3296 Dig.
1156 3241 1199 3293 uo
1216 3237 1240 3296 ς.
1253 3239 1296 3296 35.
1326 3229 1391 3283 The

239 3307 391 3364 differente
409 3310 537 3365 between
556 3309 738 3380 paedagogus
758 3310 816 3364 and
841 3309 977 3364 educator
996 3308 1019 3364 is
1038 3310 1163 3379 perhaps
1182 3310 1243 3364 that
1262 3311 1311 3364 the
1330 3310 1389 3380 boy

239 3392 344 3461 passed
355 3393 428 3447 from
444 3393 493 3450 the
510 3394 613 3464 charge
625 3393 659 3447 of
672 3394 721 3449 the
737 3393 797 3448 first
813 3402 843 3447 to
859 3393 920 3447 that
936 3391 970 3446 of
985 3392 1033 3447 the
1052 3392 1159 3447 second
1175 3402 1204 3447 at
1221 3395 1270 3448 the
1287 3409 1342 3464 age
1362 3393 1395 3448 oi

239 3476 339 3530 twelve
351 3493 383 3530 or
394 3477 577 3531 thereabouts
589 3497 596 3542 ;
617 3477 699 3546 Apul
716 3477 786 3532 Met.
795 3494 820 3531 a
830 3492 857 3546 p.
868 3475 929 3542 687.

273 3565 320 3617 An
342 3564 445 3619 aneilla
467 3563 656 3619 manumitted
676 3563 742 3617 with
765 3564 814 3618 the
835 3571 954 3617 consent
975 3562 1010 3617 os
1029 3562 1078 3617 the
1103 3560 1254 3616 concilium
1279 3578 1316 3616 on
1339 3563 1389 3618 the

240 3646 350 3715 ground
367 3648 428 3701 that
446 3646 494 3701 the
511 3646 643 3701 dominus
660 3645 797 3701 intended
811 3655 842 3700 to
860 3661 955 3714 marry
967 3645 1019 3700 her
1033 3644 1083 3698 did
1099 3655 1150 3699 not
1167 3645 1286 3700 become
1306 3646 1389 3701 abso·

238 3729 325 3798 lutely
339 3730 397 3784 iree
416 3729 486 3784 until
505 3731 553 3785 the
572 3729 712 3798 marriage
730 3728 798 3784 took
816 3730 906 3799 place,
920 3726 987 3797 Dig.
1000 3743 1044 3795 40.
1057 3743 1083 3797 9.
1101 3742 1151 3796 19;
1173 3742 1218 3794 40.
1231 3743 1256 3783 2.
1270 3743 1322 3796 213
1340 3729 1390 3785 the

238 3823 336 3868 senate
355 3813 485 3884 required
504 3815 553 3868 the
571 3822 677 3868 master
689 3822 719 3868 to
732 3829 821 3867 swear
837 3812 873 3867 he
887 3810 979 3867 would
997 3827 1091 3880 marry
1103 3811 1155 3865 her
1167 3810 1264 3866 within
1279 3811 1327 3866 the
1346 3811 1389 3867 six

239 3896 362 3964 months,
378 3897 443 3965 Dig.
457 3911 499 3963 40.
515 3912 539 3951 2.
558 3911 598 3966 13.

273 3979 314 4032 As
333 3995 453 4049 appears
472 3979 544 4032 from
562 3980 577 4047 ᾗ
596 3992 611 4046 7
633 3977 691 4047 ini,
709 3993 748 4032 no
766 3993 821 4031 one
839 3993 897 4031 was
915 3975 1035 4031 allowed
1056 3984 1086 4030 to
1108 3984 1154 4030 act
1173 3992 1206 4030 as
1224 3977 1389 4046 processual

237 4072 323 4131 agent
341 4063 384 4116 ior
402 4063 522 4117 another
540 4061 611 4116 until
626 4062 662 4116 he
675 4077 733 4117 was
752 4070 907 4115 seventeen
925 4076 1008 4130 years
1026 4058 1060 4112 oi
1073 4075 1136 4128 age,
1154 4057 1227 4112 from
1240 4058 1332 4112 which
1346 4076 1390 4114 we

237 4161 304 4214 may
323 4144 394 4200 inser
411 4146 473 4200 that
491 4144 584 4200 liberti
604 4161 677 4200 were
699 4143 771 4200 used
791 4160 824 4199 as
846 4151 1025 4214 procurators
1043 4140 1151 4212 mainly
1170 4139 1199 4195 in
1220 4149 1341 4196 matters
1358 4140 1394 4197 oi

238 4224 386 4295 litigation

273 4308 330 4374 §2
349 4309 393 4377 By
410 4310 589 4377 Nov.119.2
607 4305 747 4377 Justinian
766 4306 888 4362 enabled
907 4304 1015 4361 domini
1033 4315 1064 4361 to
1083 4302 1221 4360 manumit
1240 4304 1333 4360 slaves
1351 4303 1390 4375 by

239 4389 295 4446 will
308 4390 501 4463 immediately
514 4393 581 4462 they
593 4391 652 4448 had
664 4389 825 4461 completed
837 4389 911 4445 their
923 4388 1082 4446 fourteenth
1095 4404 1172 4459 year.
