2986 5048
198 343 264 430 264
402 348 751 410 rwsrrwrrowrur
768 347 888 406 tram
908 344 1142 422 QUATTUOR.
1235 347 1303 415 [m.
1316 354 1353 404 u

196 517 417 585 exheredatis.
462 518 574 600 itaque
596 536 636 580 eo
656 535 734 580 casu
755 514 782 579 si
801 513 880 596 quid
902 513 1028 596 pupillo
1048 534 1094 578 ex
1107 513 1353 581 hereditatibus

196 625 355 707 legatisve
368 631 428 688 aut
443 620 675 686 donationibus
694 620 952 702 propinquorum
970 628 1072 700 atque
1091 618 1274 683 amicorum
1289 620 1353 684 ad·

196 729 353 810 quisitum
383 726 489 804 luerit,
513 726 546 789 id
576 745 676 789 omne
701 725 743 787 ad
771 723 987 788 substitutum
1017 722 1191 805 pertineat.
1245 743 1352 806 quae·

195 850 337 912 cumque
363 830 509 894 diximus
535 830 578 892 de
600 827 835 893 substitutione
857 827 1064 908 impuberum
1090 826 1269 890 liberorum
1294 826 1352 891 vel

195 933 355 997 heredum
380 933 605 997 institutorum
631 929 684 994 vel
711 929 999 1006 exheredatorum,
1024 929 1142 993 eadem
1172 929 1276 993 etiam
1305 930 1352 994 de

166 1038 359 1119 spostumis
374 1036 605 1119 intellegimus.
636 1035 764 1100 Liberis
779 1044 892 1099 autem
908 1034 974 1099 suis
989 1043 1227 1098 testamentum
1239 1033 1351 1098 iacere

196 1160 294 1204 nemo
320 1149 441 1222 potest,
456 1140 517 1204 nisi
541 1149 576 1203 et
602 1137 663 1203 sibi
684 1137 803 1202 iaciat:
831 1156 908 1201 nam
932 1135 1093 1220 pupillare
1107 1145 1349 1202 testamentum

194 1263 272 1325 pars
287 1253 321 1308 et
335 1242 470 1325 sequela
485 1252 536 1308 est
551 1243 678 1325 paterni
694 1242 894 1319 testamenti,
909 1240 994 1304 adeo
1015 1249 1060 1318 ut,
1076 1240 1103 1304 si
1126 1240 1228 1322 patris
1243 1249 1349 1305 testa·

164 1352 346 1411 timentum
378 1365 443 1409 non
468 1344 589 1420 valeat,
619 1365 661 1409 ne
688 1344 745 1408 filii
772 1344 907 1425 quidem
932 1343 1066 1409 valebit.
1114 1341 1178 1407 Vel
1208 1343 1350 1426 singulis

194 1458 307 1515 autem
336 1449 447 1514 liberis
473 1448 526 1512 vel
552 1448 609 1531 qui
639 1469 753 1513 eorum
781 1449 976 1513 novissimus
1006 1446 1158 1530 impubes
1189 1448 1350 1513 morietur

195 1553 350 1618 substitui
367 1561 487 1635 potest.
524 1552 661 1636 singulis
676 1552 820 1634 quidem,
833 1553 860 1616 si
876 1552 1042 1615 neminem
1058 1570 1172 1614 eorum
1187 1549 1350 1617 intestato

194 1656 355 1721 decedere
376 1655 499 1720 voluit:
530 1656 719 1731 novissimo,
740 1654 767 1719 si
791 1656 841 1719 ius
868 1654 1089 1737 legitimarum
1112 1653 1349 1719 hereditatium

166 1760 360 1844 7integrum
381 1759 466 1823 inter
479 1780 536 1823 eos
557 1759 713 1824 custodiri
728 1758 817 1822 velit.
863 1757 1084 1823 Substituitur
1102 1767 1216 1821 autem
1237 1757 1349 1840 impu·

193 1864 264 1927 beri
285 1873 344 1927 aut
366 1863 572 1941 nominatim,
587 1861 691 1926 veluti
713 1857 860 1940 ‘Titius'
881 1871 940 1925 aut
961 1860 1159 1943 generaliter
1179 1861 1349 1943 ‘quisquis

194 1967 276 2031 mihi
290 1965 384 2031 heres
400 1963 495 2033 erit':
518 1967 638 2049 quibus
656 1966 765 2031 verbis
784 1976 944 2030 vocantur
964 1986 1008 2028 ex
1030 1965 1266 2030 substitutione
1287 1966 1351 2029 im·

194 2070 318 2154 pubere
337 2069 405 2133 filio
428 2080 568 2147 mortuo,
584 2071 641 2153 qui
661 2081 695 2135 et
715 2070 826 2152 scripti
846 2079 924 2134 sunt
943 2069 1082 2133 heredes
1100 2078 1135 2132 et
1154 2069 1350 2149 extiterunt,

165 2186 182 2241 8
195 2184 229 2238 et
244 2193 304 2256 pro
319 2193 385 2254 qua
400 2185 494 2255 parte
515 2173 654 2238 heredes
671 2173 749 2238 lacti
765 2185 852 2239 sunt.
897 2173 1049 2237 Masculo
1069 2173 1169 2255 igitur
1183 2192 1290 2254 usque
1305 2173 1349 2238 ad

195 2275 460 2358 quattuordecim
481 2297 586 2342 annos
606 2277 761 2343 substitui
783 2286 902 2360 potest,
919 2276 1060 2340 feminae
1080 2296 1185 2358 usque
1204 2276 1249 2339 ad
1265 2277 1350 2341 duo·

195 2378 303 2443 decim
315 2399 438 2444 annos:
462 2390 496 2444 et
511 2381 538 2445 si
553 2380 616 2444 hoc
626 2392 758 2463 tempus
769 2382 957 2458 excesserit,
967 2380 1159 2445 substitutio
1172 2381 1349 2447 evanescit

194 2481 371 2546 Extraneo
384 2502 463 2546 vero
478 2483 531 2548 vel
546 2483 615 2548 filio
630 2485 748 2568 puberi
764 2483 880 2548 heredi
899 2485 1051 2549 instituto
1074 2484 1121 2548 ita
1148 2483 1350 2550 substituere

194 2603 294 2650 nemo
320 2595 439 2668 potest,
464 2596 510 2665 ut,
536 2587 563 2651 si
590 2588 686 2652 heres
713 2589 863 2654 extiterit
887 2599 921 2653 et
945 2589 1031 2652 intra
1053 2587 1189 2669 aliquod
1213 2596 1349 2671 tempus

191 2690 380 2769 decesserit,
395 2689 479 2755 alius
495 2693 524 2754 ei
540 2692 583 2756 sit
598 2693 715 2757 heres:
738 2694 797 2757 sed
812 2694 875 2757 hoc
892 2693 999 2756 solum
1018 2694 1215 2774 permissum
1233 2702 1295 2769 est,
1312 2703 1350 2758 ut

195 2813 270 2856 eum
287 2814 346 2876 per
360 2792 651 2859 fideicommissum
667 2805 809 2860 testator
823 2795 949 2879 obliget
967 2796 1023 2860 alii
1038 2796 1259 2860 hereditatem
1278 2797 1350 2861 eius

193 2895 246 2959 vel
269 2906 376 2961 totam
402 2898 455 2962 vel
480 2918 540 2980 pro
565 2909 658 2983 parte
685 2901 875 2964 restituere:
897 2902 988 2982 quod
1013 2901 1062 2963 ius
1087 2898 1185 2982 quale
1209 2900 1261 2980 sit,
1288 2922 1349 2965 suo

192 3000 267 3064 loco
282 3003 460 3066 trademus.

230 3254 286 3327 59.
306 3258 369 3313 ibe
390 3274 485 3328 power
504 3258 538 3313 ol
557 3276 576 3314 a
600 3261 713 3315 Roman
735 3271 854 3317 testator
878 3273 908 3318 to
932 3254 1042 3318 control
1066 3266 1115 3320 the
1137 3263 1300 3319 devolution
1320 3265 1353 3320 oi

193 3351 326 3410 property
339 3341 411 3395 after
423 3341 467 3396 his
484 3358 547 3397 own
561 3343 680 3399 decease
694 3361 751 3399 was
764 3347 820 3400 less
834 3347 903 3400 than
916 3348 977 3402 that
990 3347 1111 3417 enjoyed
1123 3347 1214 3402 under
1227 3348 1348 3418 English

193 3424 256 3479 law.
291 3423 370 3478 With
390 3441 424 3478 us
445 3436 578 3495 property
598 3444 652 3482 can
672 3428 709 3482 be
729 3428 801 3484 ‘tied
822 3431 875 3499 up'
896 3430 998 3500 during
1019 3448 1075 3499 any
1092 3430 1213 3485 number
1230 3431 1263 3484 ol
1278 3431 1349 3489 lives

194 3507 316 3575 actually
329 3507 358 3562 in
377 3507 529 3577 existence,
542 3509 599 3563 and
619 3511 662 3564 for
674 3521 846 3581 twenty-one
862 3530 945 3582 years
964 3515 1035 3569 alter
1052 3515 1099 3569 the
1112 3515 1167 3569 last
1179 3513 1209 3568 in
1222 3515 1314 3571 which
1328 3517 1349 3574 it

195 3600 289 3645 vests:
309 3591 357 3645 the
371 3591 483 3645 Roman
497 3593 582 3647 could
597 3594 679 3649 settle
693 3593 713 3649 it
726 3595 769 3649 ior
781 3597 860 3651 three
873 3596 942 3652 lives
953 3598 1027 3665 only,
1038 3614 1078 3666 or,
1089 3615 1166 3652 more
1179 3601 1349 3671 accurately,

197 3690 234 3728 on
256 3674 336 3728 three
358 3691 477 3744 persons
499 3675 527 3729 iu
549 3676 719 3746 succession,
742 3678 792 3732 viz.
812 3680 859 3733 the
882 3679 1029 3736 instituted
1049 3680 1179 3750 impubes
1199 3680 1281 3750 filius,
1300 3684 1350 3739 the

194 3755 369 3830 pupillariter
388 3757 564 3828 substitutus,
577 3760 634 3814 and
653 3761 766 3830 thirdly,
782 3763 829 3816 the
848 3779 951 3832 person
970 3772 1000 3818 to
1017 3765 1109 3817 whom
1128 3765 1177 3819 the
1195 3764 1279 3819 latter
1291 3783 1350 3823 was
1372 3826 1377 3834 ,

195 3839 320 3909 charged
344 3850 374 3894 to
399 3841 478 3896 leave
506 3841 527 3896 it
551 3859 602 3912 per
627 3843 884 3901 fideicommissum.
935 3848 997 3902 The
1027 3847 1086 3902 first
1112 3848 1145 3902 ol
1165 3848 1245 3902 these
1269 3847 1350 3923 lives,

194 3923 331 4062 hpwever,
350 3934 425 4066 rpust
444 3941 481 3981 ex
495 3924 642 3998 hypothesi
661 3928 697 3985 be
715 3945 734 3983 a
751 3929 830 3985 short
852 3946 915 3987 one.
963 3931 1005 3987 Cf.
1026 3932 1079 3986 Mr.
1095 3932 1202 3988 Poste's
1221 3943 1288 3991 note
1311 3951 1349 3990 ou

223 4023 285 4063 auus
299 4024 327 4062 ιι.
344 4022 353 4062 ι
376 4022 402 4076 4.
