2986 5048
195 370 258 440 272
397 363 472 419 INS
475 363 547 419 TIT
548 363 604 418 UT
602 362 748 419 IONUM
766 359 884 416 LIBRI
904 359 1140 434 QUATTUOR.
1237 363 1353 430 [tuti.

193 538 251 592 aut
273 529 418 593 secundo
433 529 486 593 vel
505 528 605 593 etiam
626 527 779 591 ulteriore
795 527 899 609 gradu
923 524 1079 590 heredem
1098 525 1282 604 instituere,
1302 537 1350 608 ut,

194 633 222 697 si
245 633 461 696 creditoribus
482 632 563 696 satis
586 652 651 695 non
675 630 742 707 fiat,
759 631 870 714 potius
892 630 962 693 eius
983 630 1113 694 heredis
1134 631 1222 695 bona
1241 652 1349 715 quam

192 734 294 818 ipsius
305 736 473 799 testatoris
488 756 508 798 a
522 735 738 800 creditoribus
750 733 1041 818 possideanturvel
1057 734 1285 799 distrahantur
1292 737 1348 801 vel

193 839 278 903 inter
292 860 349 904 eos
364 840 560 903 dividantur.
594 860 654 922 pro
669 839 732 903 hoc
751 848 865 902 tamen
884 839 1094 902 incommodo
1108 837 1190 901 illud
1207 838 1237 901 ei
1253 859 1347 904 com·

194 945 330 1007 modum
351 953 544 1026 praestatur,
562 951 599 1006 ut
622 963 670 1017 ea,
686 962 772 1025 quae
792 950 869 1024 post
891 950 1031 1005 mortem
1054 943 1184 1024 patroni
1207 941 1258 1008 sui
1282 944 1346 1008 sibi

85 1102 91 1113 .
191 1047 391 1129 adquisierit,
415 1047 476 1129 ipsi
498 1056 720 1111 reserventur:
751 1054 784 1109 et
806 1044 958 1127 quamvis
982 1064 1048 1107 non
1068 1045 1233 1110 sufficiant
1254 1046 1346 1111 bona

192 1150 337 1214 defuncti
361 1151 586 1225 creditoribus,
607 1149 725 1212 iterum
753 1169 796 1211 ex
822 1167 862 1210 ea
883 1168 983 1212 causa
1007 1168 1058 1212 res
1081 1149 1160 1226 eius,
1175 1169 1258 1231 quas
1280 1150 1345 1215 sibi

162 1245 391 1336 2adquisierit‚
416 1274 482 1317 non
506 1263 660 1317 veneunt.
715 1252 774 1316 Sui
801 1262 913 1316 autem
943 1261 977 1316 et
1004 1254 1177 1319 necessarii
1203 1254 1344 1321 heredes

191 1366 268 1421 sunt
291 1357 393 1421 veluti
417 1357 503 1421 filius
530 1356 596 1419 filia
622 1376 726 1437 nepos
753 1357 927 1437 neptisque
953 1376 997 1418 ex
1027 1355 1095 1419 filio
1125 1364 1159 1419 et
1184 1357 1344 1441 deinceps

190 1462 290 1525 ceteri
316 1460 417 1538 liberi,
439 1461 497 1543 qui
513 1461 613 1524 modo
637 1461 670 1522 in
697 1468 862 1542 potestate
885 1460 1053 1523 morientis
1075 1458 1204 1538 fuerint,
1222 1462 1282 1524 sed
1306 1472 1343 1526 ut

191 1585 294 1647 nepos
321 1565 469 1647 neptisve
494 1565 543 1627 sui
569 1564 708 1628 heredes
731 1564 805 1639 sint,
832 1583 897 1626 non
922 1563 1041 1628 sufficit
1067 1582 1143 1626 eum
1168 1584 1286 1629 eamve
1308 1566 1342 1629 in

189 1677 357 1750 potestate
371 1669 424 1732 avi
439 1668 554 1732 mortis
569 1677 718 1750 tempore
732 1666 840 1745 fuisse,
855 1667 914 1730 sed
929 1687 1012 1748 opus
1033 1676 1092 1741 est,
1109 1675 1146 1730 ut
1161 1677 1257 1750 pater
1271 1670 1342 1735 eius

189 1772 264 1835 vivo
278 1781 371 1855 patre
391 1793 451 1835 suo
470 1772 604 1836 desierit
625 1793 703 1836 suus
723 1769 817 1834 heres
838 1791 910 1835 esse
929 1780 987 1834 aut
1010 1779 1116 1834 morte
1139 1771 1342 1855 interceptus

190 1886 247 1939 aut
262 1875 410 1957 qualibet
426 1875 491 1938 alia
507 1875 631 1938 ratione
652 1874 809 1937 liberatus
824 1882 1011 1955 potestate:
1032 1883 1112 1938 tunc
1130 1875 1219 1937 enim
1236 1896 1341 1959 nepos

190 1980 340 2061 neptisve
355 1980 388 2042 in
405 1978 513 2042 locum
530 1979 631 2059 patris
647 1978 697 2043 sui
712 1977 869 2040 succedit.
909 1977 968 2040 sed
987 1977 1036 2040 sui
1051 1978 1186 2059 quidem
1201 1976 1342 2045 heredes

190 2082 266 2145 ideo
285 2082 501 2165 appellantur,
524 2083 602 2163 quia
622 2081 794 2145 domestici
812 2079 952 2144 heredes
975 2089 1052 2144 sunt
1071 2089 1104 2144 et
1118 2080 1193 2144 vivo
1208 2102 1341 2166 quoque

188 2193 283 2267 patre
303 2185 551 2267 quodammodo
572 2185 696 2248 domini
716 2184 955 2248 existimantur.
989 2185 1076 2248 unde
1097 2185 1205 2258 etiam,
1222 2185 1250 2249 si
1265 2185 1340 2268 quis

189 2396 341 2451 necessarii
355 2397 483 2466 heredes,
496 2397 641 2468 including
653 2399 713 2453 also
726 2415 743 2453 a
756 2397 813 2452 free
826 2397 970 2468 personia
983 2397 1126 2467 mancipio
1142 2397 1253 2467 tobim,
1268 2400 1340 2469 who,

190 2480 327 2548 however,
341 2497 398 2535 was
416 2481 541 2551 entitled,
554 2480 610 2536 like
628 2481 680 2550 sui,
693 2491 723 2536 to
735 2482 784 2536 the
799 2481 969 2536 beneficium
986 2480 1156 2549 abstinendi,
1169 2481 1294 2537 referred
1309 2492 1339 2537 to

190 2561 219 2616 in
233 2560 247 2633 ξ
263 2579 278 2617 2
292 2563 340 2620 inf.
361 2563 462 2634 (Gaius
481 2564 509 2618 ii.
532 2563 602 2632 160).
638 2567 679 2619 As
701 2581 821 2634 appears
844 2564 916 2618 from
942 2563 998 2619 Tit.
1014 2575 1052 2633 15.
1071 2581 1111 2635 pr.
1125 2580 1210 2634 supr,
1234 2563 1257 2619 it
1281 2582 1339 2620 was

189 2649 271 2702 usual
283 2648 326 2702 for
344 2657 485 2717 testators,
499 2647 522 2702 if
530 2649 598 2716 they
611 2648 669 2702 had
686 2649 735 2703 the
752 2648 824 2701 least
842 2664 943 2702 reason
956 2656 986 2701 to
1003 2657 1117 2716 suspect
1129 2646 1204 2701 their
1219 2644 1339 2702 circum·

189 2740 301 2785 stances
315 2742 344 2785 to
362 2731 398 2786 be
415 2731 620 2797 embarrassed,
633 2742 663 2785 to
679 2729 795 2800 appoint
812 2746 867 2784 one
884 2746 916 2783 or
932 2747 1010 2784 more
1027 2730 1060 2783 of
1074 2729 1147 2784 their
1164 2746 1227 2783 oum
1245 2731 1339 2786 slaves

189 2830 220 2868 as
234 2815 300 2868 final
319 2814 471 2882 substituti,
484 2814 614 2883 whereby
627 2815 693 2882 they
705 2830 778 2868 were
794 2813 882 2867 saved
900 2812 971 2866 from
988 2812 1128 2881 intestacy
1144 2812 1203 2866 aud
1220 2813 1338 2883 posthu-

188 2913 270 2951 mous
289 2897 469 2965 insolvency:
489 2897 546 2951 and
564 2897 603 2964 by
615 2896 663 2950 the
682 2897 726 2950 lex
743 2896 826 2950 Aelia
838 2895 937 2951 Seutia
955 2896 1004 2950 the
1022 2905 1226 2977 testamentary
1239 2912 1338 2951 manu-

188 2979 306 3034 mission
319 2980 377 3035 and
396 2980 554 3035 institution
573 2980 606 3033 of
614 2996 632 3033 a
647 2980 723 3033 slave
736 2996 793 3033 was
812 2978 930 3032 allowed
943 2978 985 3032 for
1001 2978 1057 3033 this
1077 2995 1198 3048 purpose
1216 2995 1289 3033 even
1308 2979 1337 3033 iu

188 3062 315 3118 fraudem
334 3063 513 3131 creditorum,
533 3061 622 3117 Gaius
635 3061 653 3115 i.
666 3077 709 3128 21,
729 3061 800 3116 Cod.
812 3061 837 3115 6.
852 3075 892 3127 27.
908 3076 931 3115 2.
971 3061 1071 3116 Under
1091 3061 1140 3115 the
1158 3060 1338 3132 bankruptcy

189 3157 295 3214 system
317 3146 408 3201 called
430 3145 555 3199 venditio
580 3145 718 3199 bonorum
741 3145 860 3212 (Poste’s
880 3143 969 3198 Gaius
981 3160 1009 3213 p.
1023 3158 1076 3211 340
1096 3143 1154 3198 and
1171 3143 1266 3211 notes)
1288 3144 1337 3200 the

187 3229 328 3298 bankrupt
350 3229 407 3283 had
427 3229 545 3282 become
564 3227 686 3295 infamiS,
702 3227 752 3281 but
773 3226 801 3281 in
820 3226 984 3296 Justinian's
1003 3227 1071 3281 time
1090 3227 1156 3294 only
1175 3226 1336 3283 fraudulent

187 3312 364 3382 bankruptcy
377 3311 511 3383 operated
530 3312 604 3365 thus.
641 3311 703 3364 The
722 3309 780 3364 first
799 3309 925 3378 sfagein
944 3310 1014 3364 such
1031 3309 1218 3379 proceedings
1230 3326 1289 3364 was
1306 3321 1336 3366 to

187 3395 284 3448 obtain
298 3413 315 3449 a
327 3395 428 3449 decree
446 3394 518 3448 from
538 3395 585 3448 the
604 3403 718 3462 praetor
735 3394 767 3446 of
782 3392 880 3446 missio
898 3392 927 3446 in
946 3392 1156 3463 possessionem
1173 3393 1335 3461 (bonorum)

186 3476 226 3532 rei
240 3477 396 3532 servandae
413 3493 516 3531 causa:
535 3475 693 3544 ultimately
705 3477 753 3530 the
771 3485 904 3545 property
917 3492 974 3530 was
990 3475 1052 3529 sold
1069 3474 1099 3528 in
1115 3475 1170 3529 lots
1184 3474 1335 3545 (bonorum

187 3559 341 3627 distractio,
358 3560 473 3614 whence
493 3559 684 3614 distrahantur
705 3557 734 3612 in
756 3559 804 3612 the
826 3559 895 3626 text)
918 3558 974 3612 and
993 3558 1041 3613 the
1061 3557 1198 3627 proceeds
1219 3557 1336 3614 divided

186 3659 291 3711 among
309 3642 357 3697 the
375 3641 512 3697 creditors
530 3640 683 3710 according
701 3650 731 3695 to
748 3640 823 3695 their
839 3640 946 3710 proved
966 3640 1082 3706 claims;
1101 3656 1149 3695 see
1169 3656 1207 3694 on
1229 3640 1281 3695 Bk.
1295 3639 1334 3697 iii.

188 3740 219 3778 12
233 3725 281 3779 inf.

220 3808 283 3861 The
300 3806 435 3877 privilege
453 3805 543 3860 which
563 3823 580 3861 a
598 3804 774 3860 necessarius
793 3806 875 3861 heres
895 3804 1016 3876 enjoyed
1035 3805 1067 3858 of
1081 3804 1168 3873 being
1184 3803 1271 3860 liable
1291 3806 1336 3861 for

184 3892 233 3945 the
246 3892 386 3945 testators
405 3890 488 3943 debts
507 3890 574 3957 only
586 3905 619 3943 so
637 3890 679 3943 far
697 3905 729 3942 as
748 3889 796 3943 the
815 3898 905 3942 estate
918 3899 1000 3956 went,
1013 3887 1037 3941 is
1056 3886 1147 3942 called
1164 3887 1333 3944 beneficium

185 3973 380 4043 separationis,
404 3972 489 4026 ‘item
514 3971 661 4027 sciendum
686 3982 729 4027 est
754 3970 944 4026 necessarium
969 3971 1103 4025 heredem
1131 3987 1243 4025 servum
1268 3988 1333 4026 cum

184 4055 314 4111 libertate
339 4054 497 4109 institutum
520 4053 670 4124 impetrare
693 4070 778 4124 posse
802 4053 1019 4123 separationem,
1043 4052 1149 4107 scilicet
1171 4062 1210 4120 ut,
1231 4052 1254 4106 si
1275 4071 1332 4108 non

184 4138 307 4208 attigerit
326 4138 403 4191 bona
420 4137 540 4207 patroni,
555 4137 583 4190 in
596 4154 631 4191 ea
649 4153 735 4191 causa
747 4137 791 4204 sit,
805 4147 834 4191 ut
854 4135 880 4191 ei
897 4135 1031 4207 quicquid
1049 4147 1150 4205 postea
1167 4135 1332 4206 adquisierit

183 4231 337 4290 separetur,
350 4219 401 4274 sed
420 4229 448 4274 et
467 4219 490 4273 si
506 4219 574 4289 quid
591 4219 617 4273 ei
633 4236 651 4273 a
667 4230 801 4274 testatore
820 4219 952 4273 debetur’
966 4218 1031 4287 Dig.
1048 4237 1071 4271 2.
1084 4218 1109 4272 6.
1128 4233 1148 4271 1.
1166 4218 1205 4272 18.
1243 4219 1332 4273 Gaius

184 4303 224 4371 (ii.
242 4319 251 4356 1
258 4318 271 4371 5
276 4302 301 4372 5)
315 4320 381 4372 says
394 4304 455 4357 that
467 4303 504 4356 he
517 4319 574 4356 was
587 4312 636 4355 not
649 4301 766 4356 entitled
779 4313 808 4357 to
820 4302 893 4371 keep
905 4302 949 4356 for
965 4301 1082 4356 himself
1089 4300 1228 4371 anything
1240 4301 1331 4356 which

184 4384 225 4440 ‘ei
239 4403 273 4440 ex
286 4386 456 4440 hereditaria
468 4402 554 4439 causa
567 4385 648 4440 fuerit
661 4384 851 4456 adquisitum’

182 4491 185 4497 ·
220 4469 278 4536 §2
306 4467 385 4523 With
410 4469 458 4524 the
482 4467 654 4538 description
676 4468 709 4523 of
725 4467 768 4522 sui
789 4485 821 4524 as
841 4466 989 4523 domestici
1009 4467 1129 4523 heredes
1148 4466 1183 4522 cf.
1203 4467 1330 4535 Plautus,
