<?xml version="1.0" encoding="UTF-8"?>
<!DOCTYPE html PUBLIC "-//W3C//DTD XHTML 1.0 Transitional//EN"
    "http://www.w3.org/TR/xhtml1/DTD/xhtml1-transitional.dtd">
<html xmlns="http://www.w3.org/1999/xhtml" xml:lang="en" lang="en">
 <head>
  <title>
</title>
<meta http-equiv="Content-Type" content="text/html;charset=utf-8" />
  <meta name='ocr-system' content='tesseract 3.04.00' />
  <meta name='ocr-capabilities' content='ocr_page ocr_carea ocr_par ocr_line ocrx_word'/>
</head>
<body>
  <div class='ocr_page' id='page_1' title='image "./imperatorisiust00goog_0225.png"; bbox 0 0 2986 5048; ppageno 0'>
   <div class='ocr_carea' id='block_1_1' title="bbox 224 341 1374 414">
    <p class='ocr_par' dir='ltr' id='par_1_1' title="bbox 224 341 1374 414">
     <span class='ocr_line' id='line_1_1' title="bbox 224 341 1374 414; baseline -0.005 -11"><span class='ocrx_word' id='word_1_1' title='bbox 224 353 286 404; x_wconf 81' lang='lat'>212</span> <span class='ocrx_word' id='word_1_2' title='bbox 428 343 780 400; x_wconf 83' lang='lat' dir='ltr'><em>INSTITUYIONUM</em></span> <span class='ocrx_word' id='word_1_3' title='bbox 797 342 917 398; x_wconf 84' lang='lat' dir='ltr'><em>LIBRI</em></span> <span class='ocrx_word' id='word_1_4' title='bbox 935 341 1171 414; x_wconf 78' lang='lat' dir='ltr'><em>QUATTUOR.</em></span> <span class='ocrx_word' id='word_1_5' title='bbox 1267 343 1330 409; x_wconf 83' lang='lat' dir='ltr'>[le.</span> <span class='ocrx_word' id='word_1_6' title='bbox 1340 348 1374 397; x_wconf 86' lang='lat'>11.</span> 
     </span>
    </p>
   </div>
   <div class='ocr_carea' id='block_1_2' title="bbox 194 506 1375 2878">
    <p class='ocr_par' dir='ltr' id='par_1_2' title="bbox 194 506 1375 2878">
     <span class='ocr_line' id='line_1_2' title="bbox 222 506 1373 592; baseline -0.001 -20"><span class='ocrx_word' id='word_1_7' title='bbox 222 509 296 592; x_wconf 93' lang='lat' dir='ltr'>ipso</span> <span class='ocrx_word' id='word_1_8' title='bbox 311 530 371 574; x_wconf 90' lang='lat' dir='ltr'>usu</span> <span class='ocrx_word' id='word_1_9' title='bbox 388 517 643 573; x_wconf 91' lang='lat' dir='ltr'>consumuntur:</span> <span class='ocrx_word' id='word_1_10' title='bbox 668 529 744 572; x_wconf 94' lang='lat' dir='ltr'>narn</span> <span class='ocrx_word' id='word_1_11' title='bbox 763 528 821 572; x_wconf 89' lang='lat' dir='ltr'>eae</span> <span class='ocrx_word' id='word_1_12' title='bbox 843 528 950 590; x_wconf 89' lang='lat' dir='ltr'>neque</span> <span class='ocrx_word' id='word_1_13' title='bbox 966 506 1105 570; x_wconf 90' lang='lat' dir='ltr'>naturali</span> <span class='ocrx_word' id='word_1_14' title='bbox 1122 506 1249 571; x_wconf 92' lang='lat' dir='ltr'>ratione</span> <span class='ocrx_word' id='word_1_15' title='bbox 1265 528 1373 588; x_wconf 91' lang='lat' dir='ltr'>neque</span> 
     </span>
     <span class='ocr_line' id='line_1_3' title="bbox 223 610 1372 696; baseline -0.003 -19"><span class='ocrx_word' id='word_1_16' title='bbox 223 613 307 677; x_wconf 92' lang='lat' dir='ltr'>civili</span> <span class='ocrx_word' id='word_1_17' title='bbox 324 614 484 696; x_wconf 91' lang='lat' dir='ltr'>recipiunt</span> <span class='ocrx_word' id='word_1_18' title='bbox 499 633 595 677; x_wconf 93' lang='lat' dir='ltr'>usum</span> <span class='ocrx_word' id='word_1_19' title='bbox 610 612 763 676; x_wconf 90' lang='lat' dir='ltr'>fructum.</span> <span class='ocrx_word' id='word_1_20' title='bbox 800 632 867 693; x_wconf 93' lang='lat' dir='ltr'>quo</span> <span class='ocrx_word' id='word_1_21' title='bbox 887 631 1024 674; x_wconf 90' lang='lat' dir='ltr'>numero</span> <span class='ocrx_word' id='word_1_22' title='bbox 1042 621 1119 675; x_wconf 91' lang='lat' dir='ltr'>sunt</span> <span class='ocrx_word' id='word_1_23' title='bbox 1134 611 1246 674; x_wconf 87' lang='lat' dir='ltr'>vinum</span> <span class='ocrx_word' id='word_1_24' title='bbox 1263 610 1372 674; x_wconf 91' lang='lat' dir='ltr'>oleum</span> 
     </span>
     <span class='ocr_line' id='line_1_4' title="bbox 221 716 1372 799; baseline -0.001 -19"><span class='ocrx_word' id='word_1_25' title='bbox 221 716 422 781; x_wconf 87' lang='lat' dir='ltr'>frumentum</span> <span class='ocrx_word' id='word_1_26' title='bbox 432 719 638 781; x_wconf 90' lang='lat' dir='ltr'>vestimenta.</span> <span class='ocrx_word' id='word_1_27' title='bbox 662 718 781 798; x_wconf 92' lang='lat' dir='ltr'>quibus</span> <span class='ocrx_word' id='word_1_28' title='bbox 794 717 945 799; x_wconf 88' lang='lat' dir='ltr'>proxima</span> <span class='ocrx_word' id='word_1_29' title='bbox 960 724 1012 779; x_wconf 87' lang='lat' dir='ltr'>est</span> <span class='ocrx_word' id='word_1_30' title='bbox 1027 716 1166 797; x_wconf 89' lang='lat' dir='ltr'>pecunia</span> <span class='ocrx_word' id='word_1_31' title='bbox 1181 726 1372 779; x_wconf 89' lang='lat' dir='ltr'>numerata:</span> 
     </span>
     <span class='ocr_line' id='line_1_5' title="bbox 224 819 1372 903; baseline -0.002 -19"><span class='ocrx_word' id='word_1_32' title='bbox 224 841 367 903; x_wconf 89' lang='lat' dir='ltr'>namque</span> <span class='ocrx_word' id='word_1_33' title='bbox 387 821 420 884; x_wconf 93' lang='lat' dir='ltr'>in</span> <span class='ocrx_word' id='word_1_34' title='bbox 440 821 512 903; x_wconf 94' lang='lat' dir='ltr'>ipso</span> <span class='ocrx_word' id='word_1_35' title='bbox 537 843 598 885; x_wconf 93' lang='lat' dir='ltr'>usu</span> <span class='ocrx_word' id='word_1_36' title='bbox 625 822 763 885; x_wconf 91' lang='lat' dir='ltr'>adsidua</span> <span class='ocrx_word' id='word_1_37' title='bbox 785 819 1026 903; x_wconf 82' lang='lat' dir='ltr'>permutatione</span> <span class='ocrx_word' id='word_1_38' title='bbox 1045 820 1294 902; x_wconf 89' lang='lat' dir='ltr'>quodammodo</span> <span class='ocrx_word' id='word_1_39' title='bbox 1314 841 1372 884; x_wconf 89' lang='lat' dir='ltr'>ex-</span> 
     </span>
     <span class='ocr_line' id='line_1_6' title="bbox 223 924 1372 1007; baseline -0.001 -21"><span class='ocrx_word' id='word_1_40' title='bbox 223 925 391 1006; x_wconf 80' lang='lat' dir='ltr'>tinguitur.</span> <span class='ocrx_word' id='word_1_41' title='bbox 435 924 493 989; x_wconf 88' lang='lat' dir='ltr'>sed</span> <span class='ocrx_word' id='word_1_42' title='bbox 521 924 672 989; x_wconf 85' lang='lat' dir='ltr'>utilitatis</span> <span class='ocrx_word' id='word_1_43' title='bbox 695 944 795 989; x_wconf 88' lang='lat' dir='ltr'>causa</span> <span class='ocrx_word' id='word_1_44' title='bbox 821 933 954 988; x_wconf 90' lang='lat' dir='ltr'>senatus</span> <span class='ocrx_word' id='word_1_45' title='bbox 984 924 1113 988; x_wconf 91' lang='lat' dir='ltr'>censuit</span> <span class='ocrx_word' id='word_1_46' title='bbox 1142 945 1241 1007; x_wconf 90' lang='lat' dir='ltr'>posse</span> <span class='ocrx_word' id='word_1_47' title='bbox 1272 925 1372 988; x_wconf 91' lang='lat' dir='ltr'>etiam</span> 
     </span>
     <span class='ocr_line' id='line_1_7' title="bbox 223 1027 1374 1104; baseline -0.002 -13"><span class='ocrx_word' id='word_1_48' title='bbox 223 1047 335 1091; x_wconf 90' lang='lat' dir='ltr'>earum</span> <span class='ocrx_word' id='word_1_49' title='bbox 361 1048 468 1090; x_wconf 90' lang='lat' dir='ltr'>rerum</span> <span class='ocrx_word' id='word_1_50' title='bbox 493 1047 589 1091; x_wconf 91' lang='lat' dir='ltr'>usum</span> <span class='ocrx_word' id='word_1_51' title='bbox 616 1027 758 1091; x_wconf 90' lang='lat' dir='ltr'>fructum</span> <span class='ocrx_word' id='word_1_52' title='bbox 783 1028 947 1104; x_wconf 93' lang='lat' dir='ltr'>constitui,</span> <span class='ocrx_word' id='word_1_53' title='bbox 974 1036 1010 1090; x_wconf 89' lang='lat' dir='ltr'>ut</span> <span class='ocrx_word' id='word_1_54' title='bbox 1034 1035 1148 1090; x_wconf 89' lang='lat' dir='ltr'>tamen</span> <span class='ocrx_word' id='word_1_55' title='bbox 1173 1048 1214 1090; x_wconf 92' lang='lat' dir='ltr'>eo</span> <span class='ocrx_word' id='word_1_56' title='bbox 1240 1027 1374 1091; x_wconf 90' lang='lat' dir='ltr'>nomine</span> 
     </span>
     <span class='ocr_line' id='line_1_8' title="bbox 222 1130 1374 1215; baseline 0 -19"><span class='ocrx_word' id='word_1_57' title='bbox 222 1130 335 1196; x_wconf 91' lang='lat' dir='ltr'>heredi</span> <span class='ocrx_word' id='word_1_58' title='bbox 351 1131 473 1195; x_wconf 89' lang='lat' dir='ltr'>utiliter</span> <span class='ocrx_word' id='word_1_59' title='bbox 488 1140 650 1196; x_wconf 84' lang='lat' dir='ltr'>caveatur.</span> <span class='ocrx_word' id='word_1_60' title='bbox 674 1133 786 1215; x_wconf 88' lang='lat' dir='ltr'>itaque</span> <span class='ocrx_word' id='word_1_61' title='bbox 798 1134 824 1195; x_wconf 92' lang='lat' dir='ltr'>si</span> <span class='ocrx_word' id='word_1_62' title='bbox 840 1133 999 1215; x_wconf 89' lang='lat' dir='ltr'>pecuniae</span> <span class='ocrx_word' id='word_1_63' title='bbox 1015 1132 1228 1196; x_wconf 90' lang='lat' dir='ltr'>ususfructus</span> <span class='ocrx_word' id='word_1_64' title='bbox 1244 1133 1374 1214; x_wconf 85' lang='lat' dir='ltr'>legatus</span> 
     </span>
     <span class='ocr_line' id='line_1_9' title="bbox 223 1235 1372 1318; baseline -0.003 -17"><span class='ocrx_word' id='word_1_65' title='bbox 223 1235 275 1311; x_wconf 88' lang='lat' dir='ltr'>sit,</span> <span class='ocrx_word' id='word_1_66' title='bbox 291 1235 338 1298; x_wconf 87' lang='lat' dir='ltr'>ita</span> <span class='ocrx_word' id='word_1_67' title='bbox 354 1235 451 1299; x_wconf 88' lang='lat' dir='ltr'>datur</span> <span class='ocrx_word' id='word_1_68' title='bbox 467 1235 634 1317; x_wconf 85' lang='lat' dir='ltr'>legatari0,</span> <span class='ocrx_word' id='word_1_69' title='bbox 643 1245 680 1299; x_wconf 96' lang='lat' dir='ltr'>ut</span> <span class='ocrx_word' id='word_1_70' title='bbox 696 1237 764 1301; x_wconf 89' lang='lat' dir='ltr'>eius</span> <span class='ocrx_word' id='word_1_71' title='bbox 781 1236 847 1315; x_wconf 89' lang='lat' dir='ltr'>fiat,</span> <span class='ocrx_word' id='word_1_72' title='bbox 862 1246 896 1300; x_wconf 86' lang='lat' dir='ltr'>et</span> <span class='ocrx_word' id='word_1_73' title='bbox 913 1235 1088 1318; x_wconf 84' lang='lat' dir='ltr'>legatarius</span> <span class='ocrx_word' id='word_1_74' title='bbox 1103 1236 1243 1299; x_wconf 89' lang='lat' dir='ltr'>satisdat</span> <span class='ocrx_word' id='word_1_75' title='bbox 1259 1236 1372 1299; x_wconf 90' lang='lat' dir='ltr'>heredi</span> 
     </span>
     <span class='ocr_line' id='line_1_10' title="bbox 222 1337 1373 1422; baseline -0.001 -19"><span class='ocrx_word' id='word_1_76' title='bbox 222 1337 266 1403; x_wconf 91' lang='lat' dir='ltr'>de</span> <span class='ocrx_word' id='word_1_77' title='bbox 284 1346 377 1402; x_wconf 86' lang='lat' dir='ltr'>tanta</span> <span class='ocrx_word' id='word_1_78' title='bbox 393 1341 530 1422; x_wconf 91' lang='lat' dir='ltr'>pecunia</span> <span class='ocrx_word' id='word_1_79' title='bbox 546 1341 755 1416; x_wconf 88' lang='lat' dir='ltr'>restituenda,</span> <span class='ocrx_word' id='word_1_80' title='bbox 772 1341 798 1404; x_wconf 91' lang='lat' dir='ltr'>si</span> <span class='ocrx_word' id='word_1_81' title='bbox 815 1340 972 1403; x_wconf 90' lang='lat' dir='ltr'>morietur</span> <span class='ocrx_word' id='word_1_82' title='bbox 991 1349 1049 1403; x_wconf 90' lang='lat' dir='ltr'>aut</span> <span class='ocrx_word' id='word_1_83' title='bbox 1069 1339 1178 1422; x_wconf 89' lang='lat' dir='ltr'>capite</span> <span class='ocrx_word' id='word_1_84' title='bbox 1199 1341 1373 1403; x_wconf 90' lang='lat' dir='ltr'>minuetur.</span> 
     </span>
     <span class='ocr_line' id='line_1_11' title="bbox 223 1442 1372 1526; baseline 0 -20"><span class='ocrx_word' id='word_1_85' title='bbox 223 1451 353 1506; x_wconf 89' lang='lat' dir='ltr'>ceterae</span> <span class='ocrx_word' id='word_1_86' title='bbox 373 1464 504 1526; x_wconf 90' lang='lat' dir='ltr'>quoque</span> <span class='ocrx_word' id='word_1_87' title='bbox 525 1464 576 1511; x_wconf 89' lang='lat' dir='ltr'>res</span> <span class='ocrx_word' id='word_1_88' title='bbox 597 1444 643 1507; x_wconf 92' lang='lat' dir='ltr'>ita</span> <span class='ocrx_word' id='word_1_89' title='bbox 664 1445 840 1508; x_wconf 89' lang='lat' dir='ltr'>traduntur</span> <span class='ocrx_word' id='word_1_90' title='bbox 861 1443 1031 1526; x_wconf 84' lang='lat' dir='ltr'>legatario,</span> <span class='ocrx_word' id='word_1_91' title='bbox 1047 1452 1085 1506; x_wconf 93' lang='lat' dir='ltr'>ut</span> <span class='ocrx_word' id='word_1_92' title='bbox 1103 1444 1173 1506; x_wconf 90' lang='lat' dir='ltr'>eius</span> <span class='ocrx_word' id='word_1_93' title='bbox 1189 1444 1287 1507; x_wconf 86' lang='lat' dir='ltr'>fiant:</span> <span class='ocrx_word' id='word_1_94' title='bbox 1312 1442 1372 1507; x_wconf 87' lang='lat' dir='ltr'>sed</span> 
     </span>
     <span class='ocr_line' id='line_1_12' title="bbox 222 1546 1374 1629; baseline -0.002 -18"><span class='ocrx_word' id='word_1_95' title='bbox 222 1546 407 1611; x_wconf 91' lang='lat' dir='ltr'>aestimatis</span> <span class='ocrx_word' id='word_1_96' title='bbox 429 1547 481 1611; x_wconf 92' lang='lat' dir='ltr'>his</span> <span class='ocrx_word' id='word_1_97' title='bbox 503 1550 690 1622; x_wconf 88' lang='lat' dir='ltr'>satisdatur,</span> <span class='ocrx_word' id='word_1_98' title='bbox 707 1559 753 1626; x_wconf 93' lang='lat' dir='ltr'>ut,</span> <span class='ocrx_word' id='word_1_99' title='bbox 768 1549 795 1612; x_wconf 91' lang='lat' dir='ltr'>si</span> <span class='ocrx_word' id='word_1_100' title='bbox 812 1548 969 1612; x_wconf 91' lang='lat' dir='ltr'>morietur</span> <span class='ocrx_word' id='word_1_101' title='bbox 986 1557 1044 1611; x_wconf 90' lang='lat' dir='ltr'>aut</span> <span class='ocrx_word' id='word_1_102' title='bbox 1067 1546 1176 1629; x_wconf 90' lang='lat' dir='ltr'>capite</span> <span class='ocrx_word' id='word_1_103' title='bbox 1199 1547 1374 1625; x_wconf 89' lang='lat' dir='ltr'>minuetur,</span> 
     </span>
     <span class='ocr_line' id='line_1_13' title="bbox 223 1651 1374 1736; baseline 0.001 -21"><span class='ocrx_word' id='word_1_104' title='bbox 223 1661 318 1716; x_wconf 88' lang='lat' dir='ltr'>tanta</span> <span class='ocrx_word' id='word_1_105' title='bbox 340 1653 478 1735; x_wconf 89' lang='lat' dir='ltr'>pecunia</span> <span class='ocrx_word' id='word_1_106' title='bbox 499 1655 700 1730; x_wconf 87' lang='lat' dir='ltr'>restituatur,</span> <span class='ocrx_word' id='word_1_107' title='bbox 717 1654 832 1736; x_wconf 91' lang='lat' dir='ltr'>quanti</span> <span class='ocrx_word' id='word_1_108' title='bbox 849 1673 907 1718; x_wconf 90' lang='lat' dir='ltr'>eae</span> <span class='ocrx_word' id='word_1_109' title='bbox 923 1652 1042 1719; x_wconf 85' lang='lat' dir='ltr'>fuerint</span> <span class='ocrx_word' id='word_1_110' title='bbox 1058 1651 1262 1716; x_wconf 86' lang='lat' dir='ltr'>aestimatae.</span> <span class='ocrx_word' id='word_1_111' title='bbox 1294 1672 1374 1734; x_wconf 83' lang='lat' dir='ltr'>crgo</span> 
     </span>
     <span class='ocr_line' id='line_1_14' title="bbox 223 1754 1373 1841; baseline 0 -22"><span class='ocrx_word' id='word_1_112' title='bbox 223 1767 357 1821; x_wconf 83' lang='lat' dir='ltr'>senatus</span> <span class='ocrx_word' id='word_1_113' title='bbox 382 1757 547 1822; x_wconf 88' lang='lat' dir='ltr'>nonfecit</span> <span class='ocrx_word' id='word_1_114' title='bbox 574 1759 709 1841; x_wconf 90' lang='lat' dir='ltr'>quidem</span> <span class='ocrx_word' id='word_1_115' title='bbox 737 1777 850 1821; x_wconf 89' lang='lat' dir='ltr'>earum</span> <span class='ocrx_word' id='word_1_116' title='bbox 874 1776 983 1822; x_wconf 90' lang='lat' dir='ltr'>rerum</span> <span class='ocrx_word' id='word_1_117' title='bbox 1010 1777 1105 1820; x_wconf 92' lang='lat' dir='ltr'>usum</span> <span class='ocrx_word' id='word_1_118' title='bbox 1132 1758 1273 1821; x_wconf 90' lang='lat' dir='ltr'>fructum</span> <span class='ocrx_word' id='word_1_119' title='bbox 1298 1754 1373 1841; x_wconf 87' lang='lat' dir='ltr'>(nec</span> 
     </span>
     <span class='ocr_line' id='line_1_15' title="bbox 224 1858 1375 1945; baseline 0 -22"><span class='ocrx_word' id='word_1_120' title='bbox 224 1860 312 1924; x_wconf 91' lang='lat' dir='ltr'>enim</span> <span class='ocrx_word' id='word_1_121' title='bbox 339 1858 493 1945; x_wconf 89' lang='lat' dir='ltr'>poterat),</span> <span class='ocrx_word' id='word_1_122' title='bbox 517 1863 574 1925; x_wconf 90' lang='lat' dir='ltr'>sed</span> <span class='ocrx_word' id='word_1_123' title='bbox 600 1882 660 1944; x_wconf 92' lang='lat' dir='ltr'>per</span> <span class='ocrx_word' id='word_1_124' title='bbox 681 1863 867 1926; x_wconf 88' lang='lat' dir='ltr'>cautionem</span> <span class='ocrx_word' id='word_1_125' title='bbox 892 1860 987 1943; x_wconf 87' lang='lat' dir='ltr'>quasi</span> <span class='ocrx_word' id='word_1_126' title='bbox 1014 1880 1108 1924; x_wconf 90' lang='lat' dir='ltr'>usum</span> <span class='ocrx_word' id='word_1_127' title='bbox 1130 1860 1272 1924; x_wconf 90' lang='lat' dir='ltr'>fructum</span> <span class='ocrx_word' id='word_1_128' title='bbox 1296 1881 1375 1925; x_wconf 87' lang='lat' dir='ltr'>con·</span> 
     </span>
     <span class='ocr_line' id='line_1_16' title="bbox 194 1962 1374 2030; baseline -0.003 0"><span class='ocrx_word' id='word_1_129' title='bbox 194 1963 339 2030; x_wconf 85' lang='lat' dir='ltr'>3stituit.</span> <span class='ocrx_word' id='word_1_130' title='bbox 384 1964 413 2026; x_wconf 88' lang='lat' dir='ltr'>F</span> <span class='ocrx_word' id='word_1_131' title='bbox 415 1966 515 2030; x_wconf 90' lang='lat' dir='ltr'>initur</span> <span class='ocrx_word' id='word_1_132' title='bbox 529 1976 642 2030; x_wconf 89' lang='lat' dir='ltr'>autem</span> <span class='ocrx_word' id='word_1_133' title='bbox 659 1986 735 2029; x_wconf 90' lang='lat' dir='ltr'>usus</span> <span class='ocrx_word' id='word_1_134' title='bbox 751 1966 874 2030; x_wconf 90' lang='lat' dir='ltr'>fructus</span> <span class='ocrx_word' id='word_1_135' title='bbox 891 1973 998 2028; x_wconf 87' lang='lat' dir='ltr'>morte</span> <span class='ocrx_word' id='word_1_136' title='bbox 1011 1962 1178 2028; x_wconf 86' lang='lat' dir='ltr'>fructuarii</span> <span class='ocrx_word' id='word_1_137' title='bbox 1195 1974 1229 2029; x_wconf 87' lang='lat' dir='ltr'>et</span> <span class='ocrx_word' id='word_1_138' title='bbox 1244 1965 1374 2028; x_wconf 89' lang='lat' dir='ltr'>duabus</span> 
     </span>
     <span class='ocr_line' id='line_1_17' title="bbox 222 2059 1374 2151; baseline -0.001 -18"><span class='ocrx_word' id='word_1_139' title='bbox 222 2066 340 2150; x_wconf 91' lang='lat' dir='ltr'>capitis</span> <span class='ocrx_word' id='word_1_140' title='bbox 363 2069 652 2145; x_wconf 90' lang='lat' dir='ltr'>deminutionibus‚</span> <span class='ocrx_word' id='word_1_141' title='bbox 671 2069 819 2133; x_wconf 89' lang='lat' dir='ltr'>maxima</span> <span class='ocrx_word' id='word_1_142' title='bbox 841 2078 875 2132; x_wconf 89' lang='lat' dir='ltr'>et</span> <span class='ocrx_word' id='word_1_143' title='bbox 898 2069 1017 2146; x_wconf 89' lang='lat' dir='ltr'>media,</span> <span class='ocrx_word' id='word_1_144' title='bbox 1033 2077 1067 2133; x_wconf 91' lang='lat' dir='ltr'>et</span> <span class='ocrx_word' id='word_1_145' title='bbox 1088 2088 1153 2132; x_wconf 92' lang='lat' dir='ltr'>non</span> <span class='ocrx_word' id='word_1_146' title='bbox 1173 2059 1298 2133; x_wconf 86' lang='lat' dir='ltr'>utendo</span> <span class='ocrx_word' id='word_1_147' title='bbox 1314 2089 1374 2151; x_wconf 91' lang='lat' dir='ltr'>per</span> 
     </span>
     <span class='ocr_line' id='line_1_18' title="bbox 223 2171 1372 2255; baseline 0.003 -21"><span class='ocrx_word' id='word_1_148' title='bbox 223 2173 360 2235; x_wconf 91' lang='lat' dir='ltr'>modum</span> <span class='ocrx_word' id='word_1_149' title='bbox 376 2181 409 2235; x_wconf 92' lang='lat' dir='ltr'>et</span> <span class='ocrx_word' id='word_1_150' title='bbox 425 2181 566 2254; x_wconf 86' lang='lat' dir='ltr'>tempus,</span> <span class='ocrx_word' id='word_1_151' title='bbox 578 2194 664 2255; x_wconf 91' lang='lat' dir='ltr'>quae</span> <span class='ocrx_word' id='word_1_152' title='bbox 679 2173 791 2236; x_wconf 91' lang='lat' dir='ltr'>omnia</span> <span class='ocrx_word' id='word_1_153' title='bbox 807 2181 919 2236; x_wconf 86' lang='lat' dir='ltr'>nostra</span> <span class='ocrx_word' id='word_1_154' title='bbox 935 2171 1052 2236; x_wconf 86' lang='lat' dir='ltr'>statuit</span> <span class='ocrx_word' id='word_1_155' title='bbox 1063 2171 1265 2236; x_wconf 90' lang='lat' dir='ltr'>constitutio.</span> <span class='ocrx_word' id='word_1_156' title='bbox 1292 2173 1372 2237; x_wconf 89' lang='lat' dir='ltr'>item</span> 
     </span>
     <span class='ocr_line' id='line_1_19' title="bbox 222 2273 1373 2359; baseline 0.001 -20"><span class='ocrx_word' id='word_1_157' title='bbox 222 2273 335 2339; x_wconf 90' lang='lat' dir='ltr'>finitur</span> <span class='ocrx_word' id='word_1_158' title='bbox 361 2295 438 2339; x_wconf 87' lang='lat' dir='ltr'>usus</span> <span class='ocrx_word' id='word_1_159' title='bbox 462 2276 594 2353; x_wconf 89' lang='lat' dir='ltr'>fructus,</span> <span class='ocrx_word' id='word_1_160' title='bbox 618 2277 645 2339; x_wconf 90' lang='lat' dir='ltr'>si</span> <span class='ocrx_word' id='word_1_161' title='bbox 672 2276 809 2340; x_wconf 92' lang='lat' dir='ltr'>domino</span> <span class='ocrx_word' id='word_1_162' title='bbox 833 2275 1044 2359; x_wconf 83' lang='lat' dir='ltr'>proprietatis</span> <span class='ocrx_word' id='word_1_163' title='bbox 1069 2277 1113 2339; x_wconf 91' lang='lat' dir='ltr'>ab</span> <span class='ocrx_word' id='word_1_164' title='bbox 1132 2276 1373 2342; x_wconf 84' lang='lat' dir='ltr'>usufructuario</span> 
     </span>
     <span class='ocr_line' id='line_1_20' title="bbox 221 2375 1374 2465; baseline 0.003 -22"><span class='ocrx_word' id='word_1_165' title='bbox 221 2378 359 2443; x_wconf 87' lang='lat' dir='ltr'>cedatur</span> <span class='ocrx_word' id='word_1_166' title='bbox 373 2375 464 2465; x_wconf 92' lang='lat' dir='ltr'>(nam</span> <span class='ocrx_word' id='word_1_167' title='bbox 480 2389 640 2444; x_wconf 91' lang='lat' dir='ltr'>extraneo</span> <span class='ocrx_word' id='word_1_168' title='bbox 658 2381 807 2444; x_wconf 91' lang='lat' dir='ltr'>cedendo</span> <span class='ocrx_word' id='word_1_169' title='bbox 823 2380 903 2444; x_wconf 92' lang='lat' dir='ltr'>nihil</span> <span class='ocrx_word' id='word_1_170' title='bbox 920 2377 1057 2465; x_wconf 88' lang='lat' dir='ltr'>agitur):</span> <span class='ocrx_word' id='word_1_171' title='bbox 1079 2379 1131 2443; x_wconf 91' lang='lat' dir='ltr'>vel</span> <span class='ocrx_word' id='word_1_172' title='bbox 1148 2401 1193 2444; x_wconf 87' lang='lat' dir='ltr'>cx</span> <span class='ocrx_word' id='word_1_173' title='bbox 1209 2384 1374 2446; x_wconf 88' lang='lat' dir='ltr'>contrario</span> 
     </span>
     <span class='ocr_line' id='line_1_21' title="bbox 221 2481 1374 2567; baseline 0.003 -21"><span class='ocrx_word' id='word_1_174' title='bbox 221 2481 249 2546; x_wconf 93' lang='lat' dir='ltr'>si</span> <span class='ocrx_word' id='word_1_175' title='bbox 272 2481 468 2547; x_wconf 83' lang='lat' dir='ltr'>fructuarius</span> <span class='ocrx_word' id='word_1_176' title='bbox 491 2483 729 2566; x_wconf 87' lang='lat' dir='ltr'>proprietatem</span> <span class='ocrx_word' id='word_1_177' title='bbox 751 2484 796 2546; x_wconf 92' lang='lat' dir='ltr'>rei</span> <span class='ocrx_word' id='word_1_178' title='bbox 823 2483 1026 2566; x_wconf 86' lang='lat' dir='ltr'>adquisierit,</span> <span class='ocrx_word' id='word_1_179' title='bbox 1047 2503 1133 2567; x_wconf 89' lang='lat' dir='ltr'>quae</span> <span class='ocrx_word' id='word_1_180' title='bbox 1157 2505 1208 2547; x_wconf 90' lang='lat' dir='ltr'>res</span> <span class='ocrx_word' id='word_1_181' title='bbox 1232 2485 1374 2549; x_wconf 92' lang='lat' dir='ltr'>consoli-</span> 
     </span>
     <span class='ocr_line' id='line_1_22' title="bbox 221 2586 1373 2670; baseline 0.001 -19"><span class='ocrx_word' id='word_1_182' title='bbox 221 2586 313 2665; x_wconf 91' lang='lat' dir='ltr'>datio</span> <span class='ocrx_word' id='word_1_183' title='bbox 337 2586 533 2669; x_wconf 90' lang='lat' dir='ltr'>appellatur.</span> <span class='ocrx_word' id='word_1_184' title='bbox 565 2608 605 2650; x_wconf 87' lang='lat' dir='ltr'>eo</span> <span class='ocrx_word' id='word_1_185' title='bbox 628 2587 771 2670; x_wconf 90' lang='lat' dir='ltr'>amplius</span> <span class='ocrx_word' id='word_1_186' title='bbox 793 2596 932 2666; x_wconf 89' lang='lat' dir='ltr'>constat,</span> <span class='ocrx_word' id='word_1_187' title='bbox 948 2588 975 2652; x_wconf 92' lang='lat' dir='ltr'>si</span> <span class='ocrx_word' id='word_1_188' title='bbox 998 2589 1099 2652; x_wconf 90' lang='lat' dir='ltr'>aedes</span> <span class='ocrx_word' id='word_1_189' title='bbox 1122 2590 1273 2652; x_wconf 92' lang='lat' dir='ltr'>incendio</span> <span class='ocrx_word' id='word_1_190' title='bbox 1295 2610 1373 2654; x_wconf 93' lang='lat' dir='ltr'>con-</span> 
     </span>
     <span class='ocr_line' id='line_1_23' title="bbox 220 2689 1372 2774; baseline 0.003 -20"><span class='ocrx_word' id='word_1_191' title='bbox 220 2700 374 2774; x_wconf 90' lang='lat' dir='ltr'>sumptae</span> <span class='ocrx_word' id='word_1_192' title='bbox 389 2690 509 2756; x_wconf 84' lang='lat' dir='ltr'>suerint</span> <span class='ocrx_word' id='word_1_193' title='bbox 524 2689 576 2754; x_wconf 89' lang='lat' dir='ltr'>vel</span> <span class='ocrx_word' id='word_1_194' title='bbox 594 2691 695 2755; x_wconf 89' lang='lat' dir='ltr'>etiam</span> <span class='ocrx_word' id='word_1_195' title='bbox 709 2702 815 2755; x_wconf 89' lang='lat' dir='ltr'>terrae</span> <span class='ocrx_word' id='word_1_196' title='bbox 832 2702 925 2756; x_wconf 90' lang='lat' dir='ltr'>motu</span> <span class='ocrx_word' id='word_1_197' title='bbox 941 2700 998 2756; x_wconf 90' lang='lat' dir='ltr'>aut</span> <span class='ocrx_word' id='word_1_198' title='bbox 1010 2692 1091 2756; x_wconf 90' lang='lat' dir='ltr'>vitio</span> <span class='ocrx_word' id='word_1_199' title='bbox 1106 2714 1166 2756; x_wconf 92' lang='lat' dir='ltr'>suo</span> <span class='ocrx_word' id='word_1_200' title='bbox 1182 2695 1372 2769; x_wconf 86' lang='lat' dir='ltr'>corruerint,</span> 
     </span>
     <span class='ocr_line' id='line_1_24' title="bbox 220 2795 1373 2878; baseline 0.003 -20"><span class='ocrx_word' id='word_1_201' title='bbox 220 2795 371 2876; x_wconf 83' lang='lat' dir='ltr'>extingui</span> <span class='ocrx_word' id='word_1_202' title='bbox 388 2815 483 2858; x_wconf 90' lang='lat' dir='ltr'>usum</span> <span class='ocrx_word' id='word_1_203' title='bbox 501 2795 644 2859; x_wconf 88' lang='lat' dir='ltr'>fructum</span> <span class='ocrx_word' id='word_1_204' title='bbox 664 2805 697 2859; x_wconf 91' lang='lat' dir='ltr'>et</span> <span class='ocrx_word' id='word_1_205' title='bbox 713 2817 755 2859; x_wconf 91' lang='lat' dir='ltr'>ne</span> <span class='ocrx_word' id='word_1_206' title='bbox 770 2816 869 2859; x_wconf 89' lang='lat' dir='ltr'>areae</span> <span class='ocrx_word' id='word_1_207' title='bbox 889 2796 1024 2878; x_wconf 90' lang='lat' dir='ltr'>quidem</span> <span class='ocrx_word' id='word_1_208' title='bbox 1045 2817 1140 2859; x_wconf 89' lang='lat' dir='ltr'>usum</span> <span class='ocrx_word' id='word_1_209' title='bbox 1157 2797 1298 2861; x_wconf 88' lang='lat' dir='ltr'>fructum</span> <span class='ocrx_word' id='word_1_210' title='bbox 1315 2797 1373 2861; x_wconf 92' lang='lat' dir='ltr'>de-</span> 
     </span>
    </p>
   </div>
   <div class='ocr_carea' id='block_1_3' title="bbox 123 2981 1431 4554">
    <p class='ocr_par' dir='ltr' id='par_1_3' title="bbox 123 2981 1431 4554">
     <span class='ocr_line' id='line_1_25' title="bbox 220 2981 1372 3053; baseline 0.004 -17"><span class='ocrx_word' id='word_1_211' title='bbox 220 2981 394 3051; x_wconf 88' lang='lat' dir='ltr'>introduccd,</span> <span class='ocrx_word' id='word_1_212' title='bbox 417 2983 525 3051; x_wconf 82' lang='lat' dir='ltr'>though</span> <span class='ocrx_word' id='word_1_213' title='bbox 548 2992 598 3037; x_wconf 91' lang='lat' dir='ltr'>not</span> <span class='ocrx_word' id='word_1_214' title='bbox 620 2983 758 3053; x_wconf 88' lang='lat' dir='ltr'>precisely</span> <span class='ocrx_word' id='word_1_215' title='bbox 779 2983 891 3050; x_wconf 87' lang='lat' dir='ltr'>known,</span> <span class='ocrx_word' id='word_1_216' title='bbox 915 2982 938 3036; x_wconf 91' lang='lat' dir='ltr'>is</span> <span class='ocrx_word' id='word_1_217' title='bbox 961 2984 1105 3052; x_wconf 90' lang='lat' dir='ltr'>supposed</span> <span class='ocrx_word' id='word_1_218' title='bbox 1130 2995 1159 3039; x_wconf 91' lang='lat' dir='ltr'>to</span> <span class='ocrx_word' id='word_1_219' title='bbox 1183 2985 1220 3039; x_wconf 92' lang='lat' dir='ltr'>lie</span> <span class='ocrx_word' id='word_1_220' title='bbox 1245 2985 1372 3041; x_wconf 82' lang='lat' dir='ltr'>between</span> 
     </span>
     <span class='ocr_line' id='line_1_26' title="bbox 221 3065 1372 3135; baseline 0.002 -15"><span class='ocrx_word' id='word_1_221' title='bbox 221 3065 321 3121; x_wconf 89' lang='lat' dir='ltr'>Cicero</span> <span class='ocrx_word' id='word_1_222' title='bbox 341 3066 388 3134; x_wconf 93' lang='lat' dir='ltr'>(on</span> <span class='ocrx_word' id='word_1_223' title='bbox 409 3076 530 3121; x_wconf 89' lang='lat' dir='ltr'>account</span> <span class='ocrx_word' id='word_1_224' title='bbox 548 3065 582 3119; x_wconf 93' lang='lat' dir='ltr'>of</span> <span class='ocrx_word' id='word_1_225' title='bbox 597 3067 669 3135; x_wconf 92' lang='lat' dir='ltr'>Top.</span> <span class='ocrx_word' id='word_1_226' title='bbox 690 3081 705 3134; x_wconf 89' lang='lat'>3</span> <span class='ocrx_word' id='word_1_227' title='bbox 724 3066 799 3119; x_wconf 86' lang='lat' dir='ltr'>‘non</span> <span class='ocrx_word' id='word_1_228' title='bbox 822 3065 907 3119; x_wconf 90' lang='lat' dir='ltr'>debet</span> <span class='ocrx_word' id='word_1_229' title='bbox 930 3082 965 3119; x_wconf 90' lang='lat' dir='ltr'>ea</span> <span class='ocrx_word' id='word_1_230' title='bbox 983 3065 1091 3132; x_wconf 89' lang='lat' dir='ltr'>mulier,</span> <span class='ocrx_word' id='word_1_231' title='bbox 1111 3066 1155 3121; x_wconf 92' lang='lat' dir='ltr'>cui</span> <span class='ocrx_word' id='word_1_232' title='bbox 1173 3067 1216 3122; x_wconf 86' lang='lat' dir='ltr'>vir</span> <span class='ocrx_word' id='word_1_233' title='bbox 1233 3069 1372 3122; x_wconf 90' lang='lat' dir='ltr'>bonorum</span> 
     </span>
     <span class='ocr_line' id='line_1_27' title="bbox 219 3147 1431 3221; baseline 0.002 -17"><span class='ocrx_word' id='word_1_234' title='bbox 219 3165 333 3204; x_wconf 86' lang='lat' dir='ltr'>suorum</span> <span class='ocrx_word' id='word_1_235' title='bbox 355 3149 560 3203; x_wconf 82' lang='lat' dir='ltr'>usumfructum</span> <span class='ocrx_word' id='word_1_236' title='bbox 581 3148 694 3218; x_wconf 84' lang='lat' dir='ltr'>legavit,</span> <span class='ocrx_word' id='word_1_237' title='bbox 718 3148 795 3203; x_wconf 86' lang='lat' dir='ltr'>cellis</span> <span class='ocrx_word' id='word_1_238' title='bbox 817 3147 933 3202; x_wconf 87' lang='lat' dir='ltr'>vinariis</span> <span class='ocrx_word' id='word_1_239' title='bbox 955 3158 986 3202; x_wconf 90' lang='lat' dir='ltr'>et</span> <span class='ocrx_word' id='word_1_240' title='bbox 1007 3148 1120 3203; x_wconf 89' lang='lat' dir='ltr'>oleariis</span> <span class='ocrx_word' id='word_1_241' title='bbox 1142 3151 1233 3220; x_wconf 89' lang='lat' dir='ltr'>plenis</span> <span class='ocrx_word' id='word_1_242' title='bbox 1257 3151 1373 3221; x_wconf 88' lang='lat' dir='ltr'>relictis,</span> <span class='ocrx_word' id='word_1_243' title='bbox 1428 3184 1431 3189; x_wconf 94' lang='lat'>-</span> 
     </span>
     <span class='ocr_line' id='line_1_28' title="bbox 219 3231 1372 3303; baseline 0.003 -17"><span class='ocrx_word' id='word_1_244' title='bbox 219 3242 318 3303; x_wconf 91' lang='lat' dir='ltr'>putare</span> <span class='ocrx_word' id='word_1_245' title='bbox 339 3231 376 3286; x_wconf 91' lang='lat' dir='ltr'>ad</span> <span class='ocrx_word' id='word_1_246' title='bbox 399 3250 429 3287; x_wconf 92' lang='lat' dir='ltr'>se</span> <span class='ocrx_word' id='word_1_247' title='bbox 451 3231 600 3302; x_wconf 91' lang='lat' dir='ltr'>pertinere,</span> <span class='ocrx_word' id='word_1_248' title='bbox 621 3249 688 3286; x_wconf 92' lang='lat' dir='ltr'>usus</span> <span class='ocrx_word' id='word_1_249' title='bbox 710 3231 795 3300; x_wconf 88' lang='lat' dir='ltr'>enim,</span> <span class='ocrx_word' id='word_1_250' title='bbox 818 3248 875 3285; x_wconf 91' lang='lat' dir='ltr'>non</span> <span class='ocrx_word' id='word_1_251' title='bbox 898 3232 1005 3287; x_wconf 88' lang='lat' dir='ltr'>abusus</span> <span class='ocrx_word' id='word_1_252' title='bbox 1025 3234 1135 3301; x_wconf 87' lang='lat' dir='ltr'>legatus</span> <span class='ocrx_word' id='word_1_253' title='bbox 1155 3234 1221 3301; x_wconf 89' lang='lat' dir='ltr'>est&#39;)</span> <span class='ocrx_word' id='word_1_254' title='bbox 1243 3235 1301 3290; x_wconf 83' lang='lat' dir='ltr'>and</span> <span class='ocrx_word' id='word_1_255' title='bbox 1323 3235 1372 3290; x_wconf 89' lang='lat' dir='ltr'>the</span> 
     </span>
     <span class='ocr_line' id='line_1_29' title="bbox 219 3314 1373 3387; baseline 0.004 -18"><span class='ocrx_word' id='word_1_256' title='bbox 219 3326 381 3370; x_wconf 87' lang='lat' dir='ltr'>enactment</span> <span class='ocrx_word' id='word_1_257' title='bbox 395 3315 427 3369; x_wconf 90' lang='lat' dir='ltr'>of</span> <span class='ocrx_word' id='word_1_258' title='bbox 436 3317 484 3370; x_wconf 91' lang='lat' dir='ltr'>the</span> <span class='ocrx_word' id='word_1_259' title='bbox 497 3316 541 3369; x_wconf 91' lang='lat' dir='ltr'>lex</span> <span class='ocrx_word' id='word_1_260' title='bbox 555 3314 645 3383; x_wconf 91' lang='lat' dir='ltr'>Papia</span> <span class='ocrx_word' id='word_1_261' title='bbox 659 3316 800 3385; x_wconf 76' lang='lat' dir='ltr'>Poppaea,</span> <span class='ocrx_word' id='word_1_262' title='bbox 814 3315 906 3369; x_wconf 88' lang='lat' dir='ltr'>which</span> <span class='ocrx_word' id='word_1_263' title='bbox 926 3316 1003 3370; x_wconf 90' lang='lat' dir='ltr'>often</span> <span class='ocrx_word' id='word_1_264' title='bbox 1018 3316 1122 3387; x_wconf 90' lang='lat' dir='ltr'>speaks</span> <span class='ocrx_word' id='word_1_265' title='bbox 1135 3317 1168 3370; x_wconf 92' lang='lat' dir='ltr'>of</span> <span class='ocrx_word' id='word_1_266' title='bbox 1176 3319 1300 3374; x_wconf 87' lang='lat' dir='ltr'>usufruct</span> <span class='ocrx_word' id='word_1_267' title='bbox 1314 3320 1347 3373; x_wconf 92' lang='lat' dir='ltr'>of</span> <span class='ocrx_word' id='word_1_268' title='bbox 1355 3336 1373 3373; x_wconf 92' lang='lat' dir='ltr'>a</span> 
     </span>
     <span class='ocr_line' id='line_1_30' title="bbox 219 3397 1372 3469; baseline 0.003 -17"><span class='ocrx_word' id='word_1_269' title='bbox 219 3408 282 3469; x_wconf 90' lang='lat' dir='ltr'>part</span> <span class='ocrx_word' id='word_1_270' title='bbox 300 3398 332 3451; x_wconf 92' lang='lat' dir='ltr'>of</span> <span class='ocrx_word' id='word_1_271' title='bbox 346 3415 363 3452; x_wconf 93' lang='lat' dir='ltr'>a</span> <span class='ocrx_word' id='word_1_272' title='bbox 380 3399 470 3452; x_wconf 89' lang='lat' dir='ltr'>whole</span> <span class='ocrx_word' id='word_1_273' title='bbox 489 3408 632 3467; x_wconf 85' lang='lat' dir='ltr'>property.</span> <span class='ocrx_word' id='word_1_274' title='bbox 670 3398 825 3452; x_wconf 91' lang='lat' dir='ltr'>Doubtless</span> <span class='ocrx_word' id='word_1_275' title='bbox 838 3399 887 3452; x_wconf 90' lang='lat' dir='ltr'>the</span> <span class='ocrx_word' id='word_1_276' title='bbox 900 3397 978 3452; x_wconf 85' lang='lat' dir='ltr'>main</span> <span class='ocrx_word' id='word_1_277' title='bbox 997 3399 1090 3469; x_wconf 84' lang='lat' dir='ltr'>object</span> <span class='ocrx_word' id='word_1_278' title='bbox 1104 3401 1137 3454; x_wconf 90' lang='lat' dir='ltr'>of</span> <span class='ocrx_word' id='word_1_279' title='bbox 1146 3401 1194 3455; x_wconf 87' lang='lat' dir='ltr'>the</span> <span class='ocrx_word' id='word_1_280' title='bbox 1208 3400 1372 3456; x_wconf 86' lang='lat' dir='ltr'>innovation</span> 
     </span>
     <span class='ocr_line' id='line_1_31' title="bbox 219 3480 1373 3551; baseline 0.004 -16"><span class='ocrx_word' id='word_1_281' title='bbox 219 3497 277 3535; x_wconf 90' lang='lat' dir='ltr'>was</span> <span class='ocrx_word' id='word_1_282' title='bbox 298 3491 328 3535; x_wconf 89' lang='lat' dir='ltr'>to</span> <span class='ocrx_word' id='word_1_283' title='bbox 353 3481 454 3536; x_wconf 84' lang='lat' dir='ltr'>enable</span> <span class='ocrx_word' id='word_1_284' title='bbox 474 3490 608 3536; x_wconf 88' lang='lat' dir='ltr'>testators</span> <span class='ocrx_word' id='word_1_285' title='bbox 631 3490 660 3535; x_wconf 91' lang='lat' dir='ltr'>to</span> <span class='ocrx_word' id='word_1_286' title='bbox 678 3480 821 3551; x_wconf 89' lang='lat' dir='ltr'>bequeath</span> <span class='ocrx_word' id='word_1_287' title='bbox 841 3499 858 3536; x_wconf 90' lang='lat' dir='ltr'>a</span> <span class='ocrx_word' id='word_1_288' title='bbox 876 3483 991 3550; x_wconf 88' lang='lat' dir='ltr'>general</span> <span class='ocrx_word' id='word_1_289' title='bbox 1010 3483 1138 3539; x_wconf 88' lang='lat' dir='ltr'>usufruct</span> <span class='ocrx_word' id='word_1_290' title='bbox 1157 3500 1225 3539; x_wconf 85' lang='lat' dir='ltr'>over</span> <span class='ocrx_word' id='word_1_291' title='bbox 1243 3485 1280 3539; x_wconf 85' lang='lat' dir='ltr'>all</span> <span class='ocrx_word' id='word_1_292' title='bbox 1299 3485 1373 3540; x_wconf 89' lang='lat' dir='ltr'>their</span> 
     </span>
     <span class='ocr_line' id='line_1_32' title="bbox 219 3563 1372 3634; baseline 0.004 -16"><span class='ocrx_word' id='word_1_293' title='bbox 219 3575 360 3634; x_wconf 87' lang='lat' dir='ltr'>property.</span> <span class='ocrx_word' id='word_1_294' title='bbox 398 3565 473 3618; x_wconf 87' lang='lat' dir='ltr'>That</span> <span class='ocrx_word' id='word_1_295' title='bbox 493 3565 541 3618; x_wconf 93' lang='lat' dir='ltr'>the</span> <span class='ocrx_word' id='word_1_296' title='bbox 560 3563 635 3632; x_wconf 86' lang='lat' dir='ltr'>right</span> <span class='ocrx_word' id='word_1_297' title='bbox 655 3580 712 3618; x_wconf 89' lang='lat' dir='ltr'>was</span> <span class='ocrx_word' id='word_1_298' title='bbox 729 3574 778 3618; x_wconf 91' lang='lat' dir='ltr'>not</span> <span class='ocrx_word' id='word_1_299' title='bbox 797 3581 815 3617; x_wconf 90' lang='lat' dir='ltr'>a</span> <span class='ocrx_word' id='word_1_300' title='bbox 833 3565 958 3619; x_wconf 90' lang='lat' dir='ltr'>usufruct</span> <span class='ocrx_word' id='word_1_301' title='bbox 977 3582 1081 3634; x_wconf 89' lang='lat' dir='ltr'>proper</span> <span class='ocrx_word' id='word_1_302' title='bbox 1102 3565 1125 3619; x_wconf 90' lang='lat' dir='ltr'>is</span> <span class='ocrx_word' id='word_1_303' title='bbox 1145 3568 1221 3622; x_wconf 89' lang='lat' dir='ltr'>clear</span> <span class='ocrx_word' id='word_1_304' title='bbox 1233 3567 1304 3622; x_wconf 90' lang='lat' dir='ltr'>from</span> <span class='ocrx_word' id='word_1_305' title='bbox 1323 3569 1372 3623; x_wconf 89' lang='lat' dir='ltr'>the</span> 
     </span>
     <span class='ocr_line' id='line_1_33' title="bbox 123 3647 1373 3721; baseline 0.004 -20"><span class='ocrx_word' id='word_1_306' title='bbox 123 3712 125 3717; x_wconf 28' lang='grc' dir='ltr'>Ι</span> <span class='ocrx_word' id='word_1_307' title='bbox 219 3656 278 3702; x_wconf 85' lang='lat' dir='ltr'>text</span> <span class='ocrx_word' id='word_1_308' title='bbox 298 3648 316 3715; x_wconf 91' lang='lat'>(‘</span> <span class='ocrx_word' id='word_1_309' title='bbox 326 3664 379 3701; x_wconf 92' lang='lat' dir='ltr'>nec</span> <span class='ocrx_word' id='word_1_310' title='bbox 395 3648 554 3701; x_wconf 88' lang='lat' dir='ltr'>usufructus</span> <span class='ocrx_word' id='word_1_311' title='bbox 572 3648 631 3701; x_wconf 89' lang='lat' dir='ltr'>est’</span> <span class='ocrx_word' id='word_1_312' title='bbox 649 3647 747 3716; x_wconf 87' lang='lat' dir='ltr'>fragm.</span> <span class='ocrx_word' id='word_1_313' title='bbox 762 3648 826 3703; x_wconf 87' lang='lat' dir='ltr'>Vat.</span> <span class='ocrx_word' id='word_1_314' title='bbox 839 3647 882 3716; x_wconf 87' lang='grc'>46,</span> <span class='ocrx_word' id='word_1_315' title='bbox 903 3647 975 3701; x_wconf 89' lang='lat' dir='ltr'>‘non</span> <span class='ocrx_word' id='word_1_316' title='bbox 995 3647 1024 3701; x_wconf 92' lang='lat' dir='ltr'>id</span> <span class='ocrx_word' id='word_1_317' title='bbox 1037 3649 1177 3718; x_wconf 81' lang='lat' dir='ltr'>effectum,</span> <span class='ocrx_word' id='word_1_318' title='bbox 1191 3661 1221 3704; x_wconf 93' lang='lat' dir='ltr'>ut</span> <span class='ocrx_word' id='word_1_319' title='bbox 1234 3650 1373 3721; x_wconf 86' lang='lat' dir='ltr'>pecuniae</span> 
     </span>
     <span class='ocr_line' id='line_1_34' title="bbox 219 3729 1372 3800; baseline 0.003 -15"><span class='ocrx_word' id='word_1_320' title='bbox 219 3730 394 3785; x_wconf 90' lang='lat' dir='ltr'>ususfructus</span> <span class='ocrx_word' id='word_1_321' title='bbox 413 3729 526 3800; x_wconf 91' lang='lat' dir='ltr'>proprie</span> <span class='ocrx_word' id='word_1_322' title='bbox 545 3731 635 3784; x_wconf 87' lang='lat' dir='ltr'>csset’</span> <span class='ocrx_word' id='word_1_323' title='bbox 649 3729 714 3797; x_wconf 76' lang='lat' dir='ltr'>Dig.</span> <span class='ocrx_word' id='word_1_324' title='bbox 729 3744 752 3796; x_wconf 90' lang='lat'>7.</span> <span class='ocrx_word' id='word_1_325' title='bbox 769 3743 793 3799; x_wconf 81' lang='lat'>5.</span> <span class='ocrx_word' id='word_1_326' title='bbox 807 3745 831 3785; x_wconf 91' lang='lat'>2.</span> <span class='ocrx_word' id='word_1_327' title='bbox 850 3730 883 3797; x_wconf 91' lang='lat'>1).</span> <span class='ocrx_word' id='word_1_328' title='bbox 921 3732 1023 3786; x_wconf 91' lang='lat' dir='ltr'>Under</span> <span class='ocrx_word' id='word_1_329' title='bbox 1035 3734 1083 3786; x_wconf 85' lang='lat' dir='ltr'>the</span> <span class='ocrx_word' id='word_1_330' title='bbox 1097 3735 1337 3789; x_wconf 89' lang='lat' dir='ltr'>senatus-consult</span> <span class='ocrx_word' id='word_1_331' title='bbox 1351 3735 1372 3790; x_wconf 92' lang='lat' dir='ltr'>it</span> 
     </span>
     <span class='ocr_line' id='line_1_35' title="bbox 220 3811 1372 3887; baseline 0.003 -19"><span class='ocrx_word' id='word_1_332' title='bbox 220 3813 304 3868; x_wconf 93' lang='lat' dir='ltr'>could</span> <span class='ocrx_word' id='word_1_333' title='bbox 323 3815 359 3868; x_wconf 86' lang='lat' dir='ltr'>be</span> <span class='ocrx_word' id='word_1_334' title='bbox 377 3813 492 3867; x_wconf 88' lang='lat' dir='ltr'>created</span> <span class='ocrx_word' id='word_1_335' title='bbox 517 3814 584 3882; x_wconf 90' lang='lat' dir='ltr'>only</span> <span class='ocrx_word' id='word_1_336' title='bbox 605 3813 644 3881; x_wconf 92' lang='lat' dir='ltr'>by</span> <span class='ocrx_word' id='word_1_337' title='bbox 666 3812 720 3866; x_wconf 91' lang='lat' dir='ltr'>will</span> <span class='ocrx_word' id='word_1_338' title='bbox 740 3812 759 3882; x_wconf 74' lang='grc' dir='ltr'>(ι</span> <span class='ocrx_word' id='word_1_339' title='bbox 768 3823 797 3867; x_wconf 89' lang='lat' dir='ltr'>ut</span> <span class='ocrx_word' id='word_1_340' title='bbox 822 3811 950 3868; x_wconf 90' lang='lat' dir='ltr'>omnium</span> <span class='ocrx_word' id='word_1_341' title='bbox 975 3831 1078 3882; x_wconf 89' lang='lat' dir='ltr'>rerum,</span> <span class='ocrx_word' id='word_1_342' title='bbox 1098 3832 1168 3885; x_wconf 85' lang='lat' dir='ltr'>quas</span> <span class='ocrx_word' id='word_1_343' title='bbox 1188 3816 1217 3870; x_wconf 90' lang='lat' dir='ltr'>in</span> <span class='ocrx_word' id='word_1_344' title='bbox 1236 3816 1372 3887; x_wconf 88' lang='lat' dir='ltr'>cuiusque</span> 
     </span>
     <span class='ocr_line' id='line_1_36' title="bbox 220 3895 1372 3969; baseline 0.003 -18"><span class='ocrx_word' id='word_1_345' title='bbox 220 3895 391 3966; x_wconf 88' lang='lat' dir='ltr'>patrimonio</span> <span class='ocrx_word' id='word_1_346' title='bbox 410 3913 474 3951; x_wconf 89' lang='lat' dir='ltr'>esse</span> <span class='ocrx_word' id='word_1_347' title='bbox 493 3904 645 3964; x_wconf 86' lang='lat' dir='ltr'>constaret,</span> <span class='ocrx_word' id='word_1_348' title='bbox 667 3897 841 3951; x_wconf 89' lang='lat' dir='ltr'>ususfructus</span> <span class='ocrx_word' id='word_1_349' title='bbox 860 3896 947 3965; x_wconf 85' lang='lat' dir='ltr'>legari</span> <span class='ocrx_word' id='word_1_350' title='bbox 966 3898 1069 3969; x_wconf 89' lang='lat' dir='ltr'>possit&#39;</span> <span class='ocrx_word' id='word_1_351' title='bbox 1088 3899 1153 3968; x_wconf 86' lang='lat' dir='ltr'>Dig.</span> <span class='ocrx_word' id='word_1_352' title='bbox 1175 3912 1197 3966; x_wconf 91' lang='lat'>7.</span> <span class='ocrx_word' id='word_1_353' title='bbox 1217 3913 1239 3968; x_wconf 79' lang='grc' dir='ltr'>ς.</span> <span class='ocrx_word' id='word_1_354' title='bbox 1261 3899 1295 3968; x_wconf 84' lang='grc' dir='ltr'>ι),</span> <span class='ocrx_word' id='word_1_355' title='bbox 1314 3901 1372 3954; x_wconf 89' lang='lat' dir='ltr'>and</span> 
     </span>
     <span class='ocr_line' id='line_1_37' title="bbox 220 3979 1372 4053; baseline 0.004 -20"><span class='ocrx_word' id='word_1_356' title='bbox 220 3996 278 4034; x_wconf 86' lang='lat' dir='ltr'>was</span> <span class='ocrx_word' id='word_1_357' title='bbox 299 3979 497 4048; x_wconf 86' lang='lat' dir='ltr'>extinguished</span> <span class='ocrx_word' id='word_1_358' title='bbox 518 3980 584 4048; x_wconf 93' lang='lat' dir='ltr'>only</span> <span class='ocrx_word' id='word_1_359' title='bbox 602 3979 641 4048; x_wconf 93' lang='lat' dir='ltr'>by</span> <span class='ocrx_word' id='word_1_360' title='bbox 661 3980 747 4035; x_wconf 91' lang='lat' dir='ltr'>death</span> <span class='ocrx_word' id='word_1_361' title='bbox 767 3981 825 4034; x_wconf 90' lang='lat' dir='ltr'>and</span> <span class='ocrx_word' id='word_1_362' title='bbox 847 3979 948 4050; x_wconf 90' lang='lat' dir='ltr'>capitis</span> <span class='ocrx_word' id='word_1_363' title='bbox 970 3981 1125 4038; x_wconf 91' lang='lat' dir='ltr'>deminutio</span> <span class='ocrx_word' id='word_1_364' title='bbox 1148 3982 1180 4036; x_wconf 90' lang='lat' dir='ltr'>of</span> <span class='ocrx_word' id='word_1_365' title='bbox 1197 3985 1245 4038; x_wconf 92' lang='lat' dir='ltr'>the</span> <span class='ocrx_word' id='word_1_366' title='bbox 1267 4000 1372 4053; x_wconf 88' lang='lat' dir='ltr'>person</span> 
     </span>
     <span class='ocr_line' id='line_1_38' title="bbox 220 4062 633 4133; baseline 0 -15"><span class='ocrx_word' id='word_1_367' title='bbox 220 4062 347 4131; x_wconf 87' lang='lat' dir='ltr'>entitled,</span> <span class='ocrx_word' id='word_1_368' title='bbox 362 4063 428 4132; x_wconf 86' lang='lat' dir='ltr'>Dig.</span> <span class='ocrx_word' id='word_1_369' title='bbox 442 4063 478 4116; x_wconf 89' lang='lat' dir='ltr'>ib.</span> <span class='ocrx_word' id='word_1_370' title='bbox 493 4063 579 4133; x_wconf 89' lang='lat' dir='ltr'>9and</span> <span class='ocrx_word' id='word_1_371' title='bbox 596 4079 633 4118; x_wconf 77' lang='grc' dir='ltr'>ια</span> 
     </span>
     <span class='ocr_line' id='line_1_39' title="bbox 258 4143 1372 4219; baseline 0.004 -20"><span class='ocrx_word' id='word_1_372' title='bbox 258 4143 313 4215; x_wconf 69' lang='lat'>§³-</span> <span class='ocrx_word' id='word_1_373' title='bbox 334 4146 396 4201; x_wconf 87' lang='lat' dir='ltr'>The</span> <span class='ocrx_word' id='word_1_374' title='bbox 407 4145 504 4215; x_wconf 85' lang='lat' dir='ltr'>jurists</span> <span class='ocrx_word' id='word_1_375' title='bbox 517 4163 595 4199; x_wconf 86' lang='lat' dir='ltr'>seem</span> <span class='ocrx_word' id='word_1_376' title='bbox 608 4156 638 4200; x_wconf 89' lang='lat' dir='ltr'>to</span> <span class='ocrx_word' id='word_1_377' title='bbox 650 4147 723 4201; x_wconf 83' lang='lat' dir='ltr'>have</span> <span class='ocrx_word' id='word_1_378' title='bbox 741 4145 890 4217; x_wconf 88' lang='lat' dir='ltr'>disagreed</span> <span class='ocrx_word' id='word_1_379' title='bbox 903 4164 935 4201; x_wconf 87' lang='lat' dir='ltr'>as</span> <span class='ocrx_word' id='word_1_380' title='bbox 949 4157 978 4202; x_wconf 92' lang='lat' dir='ltr'>to</span> <span class='ocrx_word' id='word_1_381' title='bbox 991 4148 1039 4202; x_wconf 91' lang='lat' dir='ltr'>the</span> <span class='ocrx_word' id='word_1_382' title='bbox 1053 4147 1135 4202; x_wconf 85' lang='lat' dir='ltr'>effect</span> <span class='ocrx_word' id='word_1_383' title='bbox 1148 4148 1182 4203; x_wconf 83' lang='lat' dir='ltr'>ol</span> <span class='ocrx_word' id='word_1_384' title='bbox 1195 4166 1232 4203; x_wconf 88' lang='lat' dir='ltr'>an</span> <span class='ocrx_word' id='word_1_385' title='bbox 1251 4159 1372 4219; x_wconf 89' lang='lat' dir='ltr'>attempt</span> 
     </span>
     <span class='ocr_line' id='line_1_40' title="bbox 221 4228 1372 4300; baseline 0.004 -18"><span class='ocrx_word' id='word_1_386' title='bbox 221 4239 251 4282; x_wconf 92' lang='lat' dir='ltr'>to</span> <span class='ocrx_word' id='word_1_387' title='bbox 264 4229 334 4283; x_wconf 91' lang='lat' dir='ltr'>cede</span> <span class='ocrx_word' id='word_1_388' title='bbox 347 4247 364 4282; x_wconf 88' lang='lat' dir='ltr'>a</span> <span class='ocrx_word' id='word_1_389' title='bbox 377 4230 501 4282; x_wconf 87' lang='lat' dir='ltr'>usufruct</span> <span class='ocrx_word' id='word_1_390' title='bbox 520 4239 550 4283; x_wconf 94' lang='lat' dir='ltr'>to</span> <span class='ocrx_word' id='word_1_391' title='bbox 569 4246 586 4283; x_wconf 89' lang='lat' dir='ltr'>a</span> <span class='ocrx_word' id='word_1_392' title='bbox 603 4228 679 4283; x_wconf 87' lang='lat' dir='ltr'>third</span> <span class='ocrx_word' id='word_1_393' title='bbox 693 4247 814 4300; x_wconf 87' lang='lat' dir='ltr'>person:</span> <span class='ocrx_word' id='word_1_394' title='bbox 835 4230 922 4285; x_wconf 90' lang='lat' dir='ltr'>Gaius</span> <span class='ocrx_word' id='word_1_395' title='bbox 940 4230 977 4300; x_wconf 91' lang='lat' dir='ltr'>(ii.</span> <span class='ocrx_word' id='word_1_396' title='bbox 993 4231 1037 4299; x_wconf 87' lang='lat'>30)</span> <span class='ocrx_word' id='word_1_397' title='bbox 1052 4243 1139 4286; x_wconf 89' lang='lat' dir='ltr'>states</span> <span class='ocrx_word' id='word_1_398' title='bbox 1154 4233 1202 4287; x_wconf 90' lang='lat' dir='ltr'>the</span> <span class='ocrx_word' id='word_1_399' title='bbox 1216 4233 1268 4286; x_wconf 89' lang='lat' dir='ltr'>law</span> <span class='ocrx_word' id='word_1_400' title='bbox 1282 4232 1310 4287; x_wconf 93' lang='lat' dir='ltr'>in</span> <span class='ocrx_word' id='word_1_401' title='bbox 1323 4234 1372 4287; x_wconf 89' lang='lat' dir='ltr'>the</span> 
     </span>
     <span class='ocr_line' id='line_1_41' title="bbox 221 4312 1373 4385; baseline 0.003 -19"><span class='ocrx_word' id='word_1_402' title='bbox 221 4328 300 4366; x_wconf 87' lang='lat' dir='ltr'>same</span> <span class='ocrx_word' id='word_1_403' title='bbox 314 4329 375 4380; x_wconf 86' lang='lat' dir='ltr'>way</span> <span class='ocrx_word' id='word_1_404' title='bbox 392 4329 423 4365; x_wconf 85' lang='lat' dir='ltr'>as</span> <span class='ocrx_word' id='word_1_405' title='bbox 443 4313 490 4366; x_wconf 86' lang='lat' dir='ltr'>the</span> <span class='ocrx_word' id='word_1_406' title='bbox 510 4322 575 4379; x_wconf 88' lang='lat' dir='ltr'>text,</span> <span class='ocrx_word' id='word_1_407' title='bbox 593 4312 651 4367; x_wconf 88' lang='lat' dir='ltr'>and</span> <span class='ocrx_word' id='word_1_408' title='bbox 670 4314 769 4383; x_wconf 83' lang='lat' dir='ltr'>fragm.</span> <span class='ocrx_word' id='word_1_409' title='bbox 784 4316 847 4369; x_wconf 88' lang='lat' dir='ltr'>Vat.</span> <span class='ocrx_word' id='word_1_410' title='bbox 861 4328 876 4381; x_wconf 89' lang='lat'><em>7</em></span> <span class='ocrx_word' id='word_1_411' title='bbox 881 4327 894 4383; x_wconf 83' lang='lat'>5</span> <span class='ocrx_word' id='word_1_412' title='bbox 909 4332 1008 4384; x_wconf 84' lang='lat' dir='ltr'>agrees</span> <span class='ocrx_word' id='word_1_413' title='bbox 1023 4335 1029 4380; x_wconf 92' lang='grc'><strong>;</strong></span> <span class='ocrx_word' id='word_1_414' title='bbox 1048 4315 1097 4370; x_wconf 92' lang='lat' dir='ltr'>but</span> <span class='ocrx_word' id='word_1_415' title='bbox 1116 4315 1144 4368; x_wconf 96' lang='lat' dir='ltr'>in</span> <span class='ocrx_word' id='word_1_416' title='bbox 1159 4315 1229 4385; x_wconf 89' lang='lat' dir='ltr'>Dig.</span> <span class='ocrx_word' id='word_1_417' title='bbox 1242 4331 1285 4384; x_wconf 87' lang='lat'>23.</span> <span class='ocrx_word' id='word_1_418' title='bbox 1299 4330 1323 4383; x_wconf 85' lang='lat'>3.</span> <span class='ocrx_word' id='word_1_419' title='bbox 1336 4317 1373 4370; x_wconf 89' lang='grc'>66</span> 
     </span>
     <span class='ocr_line' id='line_1_42' title="bbox 223 4394 1371 4467; baseline 0.008 -21"><span class='ocrx_word' id='word_1_420' title='bbox 223 4394 396 4463; x_wconf 88' lang='lat' dir='ltr'>Pomponius</span> <span class='ocrx_word' id='word_1_421' title='bbox 414 4395 506 4449; x_wconf 89' lang='lat' dir='ltr'>writes</span> <span class='ocrx_word' id='word_1_422' title='bbox 529 4395 568 4449; x_wconf 91' lang='lat' dir='ltr'>‘si</span> <span class='ocrx_word' id='word_1_423' title='bbox 587 4406 721 4451; x_wconf 86' lang='lat' dir='ltr'>extraneo</span> <span class='ocrx_word' id='word_1_424' title='bbox 742 4398 866 4465; x_wconf 88' lang='lat' dir='ltr'>cedatur,</span> <span class='ocrx_word' id='word_1_425' title='bbox 889 4398 958 4452; x_wconf 90' lang='lat' dir='ltr'>nihil</span> <span class='ocrx_word' id='word_1_426' title='bbox 977 4398 1098 4453; x_wconf 90' lang='lat' dir='ltr'>adeum</span> <span class='ocrx_word' id='word_1_427' title='bbox 1117 4399 1245 4467; x_wconf 89' lang='lat' dir='ltr'>transire,</span> <span class='ocrx_word' id='word_1_428' title='bbox 1264 4399 1315 4454; x_wconf 87' lang='lat' dir='ltr'>sed</span> <span class='ocrx_word' id='word_1_429' title='bbox 1333 4400 1371 4455; x_wconf 91' lang='lat' dir='ltr'>ad</span> 
     </span>
     <span class='ocr_line' id='line_1_43' title="bbox 222 4477 1372 4554; baseline 0.006 -22"><span class='ocrx_word' id='word_1_430' title='bbox 222 4477 369 4532; x_wconf 90' lang='lat' dir='ltr'>dominum</span> <span class='ocrx_word' id='word_1_431' title='bbox 387 4478 567 4550; x_wconf 88' lang='lat' dir='ltr'>proprietatis</span> <span class='ocrx_word' id='word_1_432' title='bbox 585 4497 762 4535; x_wconf 88' lang='lat' dir='ltr'>reversurum</span> <span class='ocrx_word' id='word_1_433' title='bbox 788 4481 1008 4542; x_wconf 79' lang='lat' dir='ltr'>usumfructum-¹</span> <span class='ocrx_word' id='word_1_434' title='bbox 1046 4483 1132 4554; x_wconf 88' lang='lat' dir='ltr'>Upon</span> <span class='ocrx_word' id='word_1_435' title='bbox 1158 4483 1204 4539; x_wconf 88' lang='lat' dir='ltr'>‘et</span> <span class='ocrx_word' id='word_1_436' title='bbox 1226 4500 1262 4538; x_wconf 89' lang='lat' dir='ltr'>ne</span> <span class='ocrx_word' id='word_1_437' title='bbox 1287 4499 1372 4540; x_wconf 83' lang='lat' dir='ltr'>arcae</span> 
     </span>
    </p>
   </div>
   <div class='ocr_carea' id='block_1_4' title="bbox 0 0 1498 5048">
    <p class='ocr_par' dir='ltr' id='par_1_4' title="bbox 0 0 1498 5048">
     <span class='ocr_line' id='line_1_44' title="bbox 0 0 1498 5048; baseline 0 0"><span class='ocrx_word' id='word_1_438' title='bbox 0 0 1498 5048; x_wconf 95' lang='lat' dir='ltr'> </span> 
     </span>
    </p>
   </div>
  </div>
 </body>
</html>
