2986 5048
140 334 255 402 Titin]
383 334 445 389 DE
465 333 522 391 EO
545 333 620 390 CUI
636 334 901 407 LIBERTATIS,
923 336 982 390 ΕΤ
983 335 1015 393 C.
1227 344 1289 416 373

686 583 750 648 xi.
817 662 821 667 ,

214 762 265 812 DE
288 761 336 813 EO
359 761 423 814 CUI
447 760 666 811 LIBERTATIS
688 761 811 812 CAUSA
835 761 935 812 BONA
958 761 1216 815 ADDICUNTUR.

182 910 337 976 Accessit
367 934 470 977 novus
507 933 602 977 casus
638 911 854 1003 successionis
884 933 929 976 ex
959 914 1194 979 constitutione
1223 913 1290 977 divi

141 996 277 1079 Marcis
301 1037 379 1080 nam
410 1017 437 1080 si
469 1017 513 1093 hi,
541 1018 595 1100 qui
621 1016 808 1081 libertatem
832 1030 1029 1100 acceperunt
1053 1039 1072 1081 a
1097 1019 1232 1083 domino
1257 1019 1291 1081 in

139 1129 352 1196 testamento,
380 1142 424 1184 ex
454 1142 520 1203 quo
551 1140 616 1184 non
647 1120 758 1184 aditur
783 1120 958 1197 hereditas,
983 1122 1086 1186 velint
1114 1123 1202 1186 bona
1228 1121 1291 1186 sibi

139 1224 249 1287 addici
275 1223 477 1289 libertatium
501 1227 798 1288 conservandarum
825 1245 934 1303 causa,
956 1227 1142 1290 audiuntur.
1188 1235 1222 1289 et
1244 1226 1291 1291 ita

140 1328 299 1409 rescripto
321 1328 388 1392 divi
410 1328 514 1391 Marci
537 1329 581 1392 ad
603 1327 767 1410 Popilium
791 1328 916 1391 Rufum
939 1331 1135 1394 continetur.
1179 1329 1319 1392 Verbal

139 1431 287 1512 rescripti
312 1432 359 1496 ita
377 1452 412 1495 se
435 1431 576 1495 habent:
606 1430 663 1496 ‘Si
678 1431 828 1514 Virginio
842 1431 985 1507 Valenti,
1006 1433 1063 1514 qui
1088 1441 1292 1496 testamento

139 1555 200 1598 suo
226 1534 414 1600 libertatem
441 1535 640 1618 quibusdam
666 1536 849 1618 adscripsit,
876 1537 1007 1599 nemine
1034 1557 1221 1601 successore
1246 1536 1290 1600 ab

140 1639 298 1703 intestato
313 1640 479 1703 existente
501 1640 534 1703 in
558 1660 597 1703 ea
618 1659 717 1704 causa
732 1639 821 1702 bona
840 1660 912 1704 esse
932 1649 1120 1722 coeperunt,
1137 1651 1174 1704 ut
1188 1640 1291 1704 veniri

140 1742 304 1808 debeant:
327 1743 354 1806 is
370 1745 461 1807 cuius
477 1744 519 1807 de
534 1764 574 1808 ea
589 1764 624 1808 re
640 1744 731 1807 notio
751 1753 801 1807 est
823 1744 934 1808 aditus
957 1745 1118 1809 rationem
1137 1744 1291 1809 desiderii

140 1846 188 1908 tui
215 1845 360 1923 habebit,
385 1856 422 1911 ut
449 1847 649 1912 libertatium
676 1856 746 1911 tam
773 1868 895 1924 earum,
919 1868 1005 1930 quae
1032 1848 1166 1927 directo,
1188 1868 1290 1930 quam

141 1969 264 2025 earum,
289 1971 376 2033 quae
399 1971 458 2034 per
485 1951 628 2034 speciem
656 1951 902 2014 fideicommissi
927 1951 1061 2015 relictae
1086 1960 1171 2030 sunt,
1196 1960 1292 2014 tuen·

140 2052 257 2115 darum
280 2055 387 2135 gratia
412 2055 609 2118 addicantur
635 2055 704 2133 tibi,
728 2055 755 2117 si
782 2055 902 2119 idonee
925 2055 1141 2119 creditoribus
1166 2054 1291 2118 caveris

141 2157 184 2220 de
213 2156 320 2221 solido
349 2160 439 2241 quod
474 2159 592 2242 cuique
622 2159 763 2223 debetur
792 2159 961 2224 solvendo.
1017 2170 1050 2223 et
1082 2159 1116 2222 hi
1145 2159 1292 2241 quidem,

140 2261 260 2343 quibus
285 2263 409 2327 directa
435 2263 570 2328 libertas
596 2265 676 2328 data
702 2273 762 2341 est,
787 2266 923 2346 perinde
949 2264 1043 2328 liberi
1069 2274 1175 2340 erunt,
1199 2283 1238 2328 ac
1264 2262 1292 2327 si

140 2362 307 2429 hereditas
322 2367 413 2431 adita
428 2378 535 2432 esset:
558 2367 593 2431 hi
607 2377 729 2441 autem,
746 2388 830 2451 quos
846 2369 941 2433 heres
960 2378 1095 2453 rogatus
1110 2380 1161 2433 est
1177 2388 1294 2432 manu·

141 2469 279 2545 mittere,
307 2492 327 2534 a
359 2481 393 2535 te
423 2472 611 2537 libertatem
642 2482 904 2555 consequantur:
938 2474 985 2537 ita
1011 2483 1048 2537 ut
1074 2473 1101 2538 si
1129 2493 1194 2536 non
1227 2472 1294 2537 alia

140 2574 334 2638 condicione
352 2575 433 2640 velis
455 2576 544 2641 bona
567 2576 626 2640 tibi
650 2576 768 2655 addici,
785 2597 886 2658 quam
907 2586 945 2639 ut
967 2576 1067 2640 etiam
1088 2577 1145 2660 qui
1166 2577 1292 2641 directo

140 2676 330 2742 libertatem
346 2690 544 2762 acceperunt
562 2681 609 2745 tui
633 2679 742 2744 liberti
766 2679 856 2755 fiant,
873 2699 951 2742 nam
966 2679 1042 2743 huic
1058 2682 1159 2743 etiam
1175 2679 1292 2743 volun·

139 2782 203 2844 tati
229 2789 315 2858 tuae,
343 2784 370 2845 si
401 2784 423 2845 ii
449 2785 492 2848 de
521 2803 662 2866 quorum
689 2792 778 2847 statu
805 2783 915 2865 agitur
940 2783 1156 2861 consentiant,
1178 2793 1293 2847 aucto·

139 2885 273 2948 ritatem
300 2896 446 2950 nostram
473 2888 772 2951 accommodamus.
818 2897 851 2950 et
877 2907 920 2949 ne
949 2885 1047 2949 huius
1073 2887 1292 2969 rescriptionis

140 2998 273 3052 nostrae
291 2984 552 3055 emolumentum
575 2990 640 3056 alia
662 2991 790 3054 ratione
812 2990 938 3053 irritum
963 2989 1030 3068 fiat,
1046 2989 1073 3053 si
1092 2989 1189 3053 fiscus
1204 2989 1292 3054 bona

139 3112 319 3174 agnoscere
335 3093 494 3160 voluerit:
529 3105 563 3160 et
587 3095 621 3158 hi
643 3095 699 3178 qui
725 3095 822 3158 rebus
846 3094 964 3158 nostris
987 3094 1165 3158 attendunt
1188 3094 1292 3157 scient

139 3197 317 3262 commodo
343 3200 532 3281 pecuniario
558 3200 809 3283 praeferendam
835 3198 997 3263 libertatis
1023 3217 1157 3262 causam
1184 3207 1218 3261 et
1245 3199 1291 3262 ita

139 3302 228 3364 bona
257 3305 414 3386 cogenda,
444 3315 481 3368 ut
509 3305 645 3369 libertas
674 3305 726 3368 his
756 3304 848 3368 salva
877 3305 929 3379 sit,
960 3303 1017 3386 qui
1048 3322 1123 3366 eam
1152 3303 1290 3384 adipisci

140 3416 327 3487 potuerunt,
356 3408 385 3471 si
414 3407 580 3474 hereditas
618 3430 662 3473 ex
695 3417 897 3472 testamento
926 3407 1018 3470 adita
1055 3405 1162 3470 esset.'
1216 3406 1321 3471 Hoc2

139 3510 297 3593 rescripto
317 3512 517 3577 subventum
540 3525 590 3578 est
612 3523 646 3577 et
668 3511 876 3576 libertatibus
900 3520 933 3575 et
956 3509 1129 3585 defunctis,
1146 3530 1187 3573 ne
1203 3510 1291 3574 bona

139 3635 254 3678 eorum
272 3635 293 3679 a
308 3618 523 3682 creditoribus
541 3619 771 3701 possideantur
786 3627 819 3680 et
834 3625 985 3680 veneant.
1025 3624 1113 3678 certe
1127 3615 1154 3677 si
1170 3613 1290 3677 luerint

175 3884 236 3936 'Pit
247 3884 306 3935 XI.
320 3880 333 3952 5
347 3883 370 3937 L
391 3883 452 3937 The
471 3891 561 3937 estate
574 3881 667 3936 would
684 3883 721 3937 be
738 3879 882 3951 adjudged
894 3889 924 3934 to
941 3880 989 3934 the
1008 3878 1152 3948 creditors‚
1166 3878 1194 3932 in
1207 3877 1291 3934 order

139 3974 170 4020 to
182 3965 219 4019 be
232 3965 295 4019 sold
308 3964 336 4020 in
350 3965 524 4020 satisfaction
538 3965 571 4019 of
583 3965 656 4020 their
669 3965 776 4033 claims‚
789 3965 856 4032 only
868 3963 940 4018 aster
952 3962 1038 4032 being
1055 3961 1178 4031 rejected
1190 3963 1228 4031 by
1241 3962 1290 4018 the

139 4047 269 4117 instituti,
282 4050 319 4102 all
332 4050 380 4104 the
399 4049 531 4104 intestate
549 4048 633 4117 heirs,
645 4049 703 4103 and
721 4050 770 4103 the
783 4048 877 4102 fiscus.
914 4048 976 4101 The
994 4046 1112 4116 rescript
1132 4046 1165 4100 of
1178 4046 1219 4098 M.
1232 4046 1289 4099 Au-

138 4132 225 4186 relius
246 4149 340 4187 seems
361 4143 391 4187 to
410 4133 482 4187 have
500 4132 710 4202 contemplated
728 4132 795 4201 only
814 4129 939 4185 addictio
958 4141 987 4186 to
1006 4147 1061 4185 one
1079 4128 1112 4184 of
1126 4129 1174 4184 the
1197 4130 1289 4183 slaves

139 4215 329 4270 manumitted
347 4216 384 4286 by
397 4217 445 4271 the
458 4216 511 4270 will
525 4214 662 4286 (Popilius
677 4214 766 4269 Rufus
785 4214 871 4283 being
889 4213 925 4270 «h
939 4219 990 4267 τῶν
1001 4216 1132 4284 τυχόντων
1143 4212 1290 4281 mioniae

139 4299 168 4353 ἐν
185 4300 217 4368 τῇ
235 4299 342 4369 διαθήκῃ
355 4300 559 4371 Theophilus);
579 4299 706 4356 Gordian
723 4298 874 4370 permitted
888 4300 908 4355 it
921 4310 951 4354 to
963 4300 1000 4354 be
1015 4299 1099 4354 made
1117 4308 1147 4353 to
1165 4315 1222 4367 any
1234 4314 1290 4353 one

139 4383 204 4437 who
216 4383 309 4438 would
327 4383 391 4454 give
409 4386 457 4441 the
475 4383 598 4455 security
610 4384 661 4440 ‘de
680 4384 772 4440 solido
790 4383 868 4454 quod
886 4383 987 4454 cuique
1005 4382 1124 4438 debetur
1136 4382 1290 4450 solvendo,'

140 4465 213 4524 cod.
226 4480 251 4535 7.
264 4480 290 4522 2.
302 4466 328 4524 6.
