2986 5048
138 374 189 424 Tit.
204 368 254 435 m]
341 366 402 421 DE
416 365 586 423 DUOBUS
599 366 698 421 REIS
710 367 736 421 S
740 365 766 419 T
767 363 983 436 IPULANDI,
998 364 1028 419 E
1034 362 1088 419 TC.
1220 370 1284 440 393

138 533 245 597 sacta:
269 542 307 597 ut
322 533 349 595 si
365 532 561 615 stipulemur
575 530 643 596 lieri
659 531 782 614 aliquid
798 528 851 593 vel
867 551 933 594 non
949 528 1028 593 fieri.
1073 536 1107 591 et
1123 528 1155 590 in
1172 525 1285 589 huius-

138 636 230 699 modi
267 637 536 718 stipulationibus
572 635 735 718 optimum
776 635 836 698 erit
873 653 1015 715 poenam
1053 631 1210 707 subicere,
1245 650 1287 692 ne

138 740 308 821 quantitas
337 739 558 821 stipulationis
588 740 621 801 in
653 739 777 802 incerto
807 738 850 800 sit
879 756 918 801 ac
949 756 1082 799 necesse
1111 734 1154 797 sit
1184 732 1286 796 actori

137 841 288 924 probare,
320 842 399 924 quid
430 844 500 905 eius
530 843 667 906 intersit.
709 843 820 923 itaque
846 841 872 903 si
904 840 977 922 quis
1007 848 1044 901 ut
1074 837 1132 900 fiat
1161 836 1287 919 aliquid

138 943 322 1026 stipuletur,
347 946 393 1008 ita
422 945 507 1009 adici
538 965 644 1026 poena
677 945 796 1009 debet:
824 943 869 1007 ‘si
896 944 942 1007 ita
969 942 1094 1005 sactum
1121 960 1186 1003 non
1217 942 1288 1018 erit,

138 1057 211 1111 tum
241 1068 368 1129 poenae
395 1050 528 1112 nomine
557 1050 673 1112 decem
702 1068 819 1112 aureos
849 1049 928 1111 dare
956 1041 1142 1128 spondes?’
1177 1043 1236 1107 sed
1260 1043 1287 1107 si

139 1152 305 1232 quaedam
328 1151 406 1223 fieri,
422 1151 586 1232 quaedam
606 1173 671 1214 non
690 1151 760 1215 lieri
782 1171 847 1214 una
869 1150 1053 1230 eademque
1072 1147 1288 1228 conceptione

138 1254 323 1336 stipuletur,
345 1254 490 1318 clausula
511 1257 570 1318 erit
590 1255 777 1319 huiusmodi
799 1254 990 1318 adicienda:
1014 1252 1058 1313 ‘si
1078 1251 1233 1313 adversus
1248 1269 1289 1312 ea

140 1356 265 1421 lactum
281 1357 341 1421 erit
357 1359 425 1421 sive
441 1360 519 1441 quid
536 1360 581 1423 ita
601 1359 726 1423 sactum
742 1379 808 1422 non
824 1359 893 1435 erit,
908 1368 986 1421 tunc
1006 1375 1133 1436 poenae
1155 1353 1289 1416 nomine

140 1463 257 1526 decem
273 1482 389 1526 aureos
407 1462 487 1526 dare
503 1461 686 1546 spondesi'

669 1728 764 1795 XVI.

247 1905 296 1956 nr:
319 1905 467 1958 nuosus
491 1905 573 1957 nsrs
597 1906 823 1959 srrrumuvor
847 1906 894 1957 ar
917 1902 1186 1956 Pnomrrsum.

187 2055 233 2120 Et
248 2056 426 2140 stipulandi
443 2068 477 2121 et
493 2058 705 2140 promittendi
725 2059 791 2121 duo
812 2057 962 2140 pluresve
983 2058 1029 2120 rei
1050 2055 1119 2120 lieri
1140 2060 1290 2137 possunt.

142 2158 321 2243 stipulandi
359 2160 412 2237 ita,
443 2160 470 2223 si
502 2170 578 2242 post
611 2161 760 2224 omnium
793 2160 1081 2243 interrogationem
1113 2157 1292 2241 promissor

144 2264 343 2345 respondeat
360 2261 546 2346 ‘spondeo'
591 2274 629 2328 ut
650 2276 730 2348 puta
751 2286 826 2329 cum
847 2267 977 2329 duobus
992 2265 1170 2348 separatim
1185 2263 1290 2344 stipu-

143 2365 288 2429 lantibus
323 2368 369 2431 ita
402 2368 580 2449 promissor
613 2369 811 2452 respondeat
847 2369 995 2450 ‘utrique
1029 2378 1176 2432 vestrum
1211 2365 1292 2428 dare

143 2466 332 2552 sponde0:'
355 2491 433 2535 nam
458 2473 485 2535 si
515 2471 604 2554 prius
634 2471 725 2536 Titio
755 2473 979 2554 spoponderit,
1008 2472 1128 2535 deinde
1152 2469 1217 2533 alio
1242 2469 1292 2530 in·

142 2583 332 2655 terrogante
344 2575 515 2656 spondeat,
527 2575 591 2638 alia
603 2584 704 2657 atque
715 2575 779 2638 alia
791 2577 852 2638 erit
868 2574 1027 2656 obligatio
1040 2594 1099 2637 nec
1115 2574 1293 2637 creduntur

144 2818 174 2873 in
189 2819 320 2874 iaciendo
333 2821 507 2878 consistunt?
542 2823 604 2877 The
621 2823 781 2891 advantage
794 2822 826 2875 oi
841 2822 890 2876 the
907 2839 1006 2876 course
1023 2819 1243 2875 recommended
1262 2818 1291 2874 in

144 2903 193 2957 the
207 2913 264 2957 text
277 2921 335 2958 was
347 2905 470 2960 twofold.
516 2906 578 2960 The
596 2906 736 2976 promisee
754 2922 811 2959 was
831 2904 918 2959 saved
937 2905 985 2958 the
1003 2904 1112 2958 trouble
1128 2903 1160 2955 of
1173 2900 1293 2971 proving

146 2984 230 3052 ‘quid
249 3003 300 3041 sua
319 2986 446 3042 intersit'
462 2987 654 3060 (‘plerumque
675 2989 797 3044 difficilis
821 2988 951 3058 probatio
970 2998 1022 3056 est,
1039 2986 1137 3057 quanti
1157 2984 1292 3054 cuiusque

145 3067 263 3137 intersit,
279 3082 307 3125 et
326 3069 363 3124 ad
382 3070 513 3139 exiguam
531 3089 672 3127 summam
690 3072 852 3128 deducitur'
870 3071 936 3141 Dig.
949 3071 991 3137 46.
1009 3084 1029 3140 5.
1048 3069 1110 3136 11);
1129 3068 1185 3123 and
1205 3068 1229 3121 if
1244 3069 1292 3122 the

145 3162 273 3207 contract
286 3170 367 3207 came
380 3163 410 3207 to
422 3154 458 3207 be
471 3155 541 3209 sued
554 3173 639 3227 upon,
650 3158 697 3211 the
710 3156 820 3226 ground
829 3155 861 3210 ol
871 3155 964 3210 action
978 3172 1035 3209 was
1048 3165 1097 3207 not
1110 3154 1158 3207 the
1169 3151 1292 3222 promise

146 3245 176 3289 to
195 3234 242 3302 do,
253 3235 304 3289 but
322 3237 371 3290 the
389 3237 514 3306 promise
532 3249 562 3293 to
578 3255 634 3309 pay
647 3257 679 3293 so
696 3241 780 3294 much
799 3239 828 3293 in
846 3238 960 3306 desault,
975 3255 1007 3292 so
1024 3239 1084 3292 that
1104 3238 1152 3291 the
1168 3235 1294 3303 remedy,

146 3318 259 3373 instead
271 3320 304 3373 of
313 3319 399 3390 being
411 3322 459 3375 the
471 3322 546 3376 actio
559 3340 593 3377 ex
606 3323 749 3393 stipulatu,
762 3340 820 3377 was
836 3322 979 3376 condictio
998 3320 1066 3377 certi
1083 3319 1149 3374 with
1161 3318 1197 3373 its
1210 3318 1294 3388 penal

146 3403 263 3474 sponsio
284 3405 317 3459 oi
333 3421 388 3459 one
410 3406 486 3460 third
505 3407 539 3460 oi
553 3407 601 3462 the
621 3424 683 3461 sum
704 3408 731 3460 in
751 3407 881 3477 dispute:
901 3408 982 3460 ‘cum
1001 3405 1064 3475 quis
1083 3421 1140 3458 non
1159 3402 1296 3457 adiecerit

145 3503 289 3558 poenam.
303 3529 310 3543 .
323 3529 330 3542 .
345 3488 443 3544 incerti
463 3492 606 3559 agendum
618 3493 696 3545 esse'
710 3490 776 3559 Dig.
790 3505 813 3544 a.
830 3502 852 3558 5.
867 3505 890 3558 3.
932 3490 960 3542 If
969 3506 1006 3543 no
1020 3489 1137 3543 interval
1151 3504 1208 3541 was
1221 3485 1295 3540 fixed

146 3569 190 3623 sor
202 3570 251 3625 the
269 3572 465 3640 performance
482 3573 515 3627 oi
528 3590 564 3627 an
580 3585 625 3627 act
645 3574 762 3628 secured
781 3573 819 3640 by
833 3590 851 3626 a
864 3573 987 3641 penalty,
1000 3572 1049 3626 the
1064 3573 1147 3626 latter
1160 3570 1243 3625 could
1259 3569 1296 3623 be

147 3652 219 3707 sued
231 3653 274 3709 ior
287 3655 381 3708 unless
401 3657 449 3709 the
466 3666 512 3710 act
529 3674 586 3711 was
605 3656 765 3726 performed
780 3656 877 3710 within
890 3673 908 3710 a
920 3656 1086 3711 reasonable
1099 3655 1186 3709 time:
1207 3652 1298 3707 ‘intra

148 3747 286 3807 quantum
305 3748 400 3791 autem
418 3739 563 3808 temporis,
578 3739 632 3793 nisi
652 3740 734 3794 detur
752 3739 828 3810 quod
847 3739 952 3794 arbiter
970 3738 1091 3806 iusserit,
1104 3735 1297 3791 committatur

148 3818 302 3888 stipulatio,
324 3819 477 3874 videndum
503 3832 554 3890 est,
577 3832 604 3876 et
630 3822 653 3876 si
676 3821 791 3891 quidem
813 3822 875 3876 dies
896 3821 1024 3876 adiectus
1049 3838 1105 3874 non
1129 3820 1172 3887 sit,
1196 3819 1296 3873 Celsus

148 3901 245 3955 scribit
266 3901 337 3956 libro
357 3902 391 3956 ἰίο
414 3903 596 3972 Digestorum
618 3904 711 3959 inesse
733 3904 877 3975 quoddam
899 3903 1042 3958 modicum
1064 3914 1195 3971 tempus:
1220 3902 1297 3971 quod

148 3984 197 4039 ubi
210 3985 393 4054 praeterierit,
405 4003 499 4056 poena
511 3988 607 4041 statim
620 3988 676 4058 peti
690 3989 799 4058 potest’
812 3988 877 4056 Dig.
891 4002 917 4053 4.
931 3989 956 4041 8.
970 4002 1010 4041 21.
1028 4003 1068 4041 12.
1105 3988 1167 4041 The
1180 3997 1297 4040 amount

148 4068 182 4122 os
190 4067 239 4122 the
252 4085 345 4138 poena
357 4069 414 4123 had
428 4088 465 4125 no
478 4088 607 4126 measure
620 4082 719 4141 except
732 4073 779 4126 the
793 4072 847 4125 will
863 4072 896 4124 of
910 4072 958 4127 the
975 4071 1088 4141 parties,
1101 4069 1158 4124 and
1172 4069 1192 4124 it
1208 4069 1298 4139 might

148 4152 185 4206 be
199 4152 351 4206 recovered
369 4152 396 4206 in
417 4154 474 4221 full,
488 4172 558 4209 even
578 4155 685 4223 though
699 4157 804 4224 largely
817 4155 972 4224 exceeding
987 4157 1036 4210 the
1049 4156 1130 4209 value
1146 4153 1178 4207 of
1191 4153 1239 4208 the
1252 4164 1298 4207 act

150 4252 183 4290 or
202 4236 385 4292 forbearance
404 4237 557 4307 stipulated
578 4239 629 4307 lor,
649 4238 715 4307 Dig.
728 4253 752 4305 4
767 4240 791 4293 8.
806 4253 847 4306 32·
862 4256 922 4308 pr.;
946 4254 987 4294 21.
1001 4254 1025 4294 2.
1042 4240 1081 4308 56.
1121 4240 1154 4291 In
1177 4237 1298 4305 English

149 4319 204 4373 law
216 4320 272 4374 this
290 4319 314 4374 is
334 4319 480 4376 different:
501 4322 517 4376 8
536 4322 594 4376 and
612 4336 629 4390 9
647 4322 722 4376 Will.
738 4323 793 4376 111.
808 4339 832 4377 c.
850 4337 877 4375 11
893 4340 899 4387 ;
918 4322 1005 4388 4and
1021 4336 1033 4391 5
1048 4325 1140 4389 Anne,
1153 4340 1176 4376 c.
1194 4321 1244 4386 163
1265 4335 1299 4388 23

150 4402 208 4457 and
221 4417 255 4469 24
268 4402 342 4457 Vict.
355 4419 379 4458 c.
397 4404 464 4472 1263
483 4404 518 4458 ci.
532 4404 578 4459 Sir
590 4405 634 4459 W.
650 4405 684 4457 R.
697 4406 819 4459 Anson’s
834 4406 899 4458 Law
912 4405 944 4459 os
954 4406 1089 4459 Contract
1102 4422 1147 4475 pp.
1158 4419 1253 4472 2434μ

185 4488 247 4543 uin
258 4488 345 4541 xvt.
384 4488 441 4541 For
453 4488 578 4558 solidary
587 4487 645 4543 and
658 4488 764 4543 correal
777 4487 931 4559 obligation
943 4487 1020 4558 (with
1030 4504 1084 4544 one
1098 4488 1129 4543 oi
1139 4488 1187 4543 the
1200 4487 1300 4543 modes
