2986 5048
194 341 258 431 238
399 351 550 408 INSTIT
551 352 607 408 UT
604 351 750 409 IONUM
767 351 885 407 LIBRI
904 351 1141 424 QUATTUOR.
1236 354 1301 422 [tlt.
1312 361 1347 412 ll.

162 516 183 585 5
239 515 381 582 Possunt
393 528 505 583 autem
520 526 625 583 testes
639 537 755 582 omnes
769 525 803 581 et
818 537 885 581 uno
902 517 1002 581 anulo
1017 516 1146 601 signare
1161 528 1346 583 testamen·

195 618 268 683 ttirn
290 618 383 706 (quid
406 623 504 699 enim,
529 623 557 686 si
581 632 710 704 septem
735 620 824 684 anuli
846 641 911 684 una
931 620 1100 705 sculptura
1115 621 1271 709 fuerinti)
1294 645 1347 689 se·

195 725 341 788 cundum
367 727 457 807 quod
484 725 671 808 Pomponio
691 725 797 788 visum
822 732 882 788 est.
936 726 994 788 sed
1019 736 1052 790 et
1077 726 1185 791 alieno
1212 748 1347 811 quoque

163 828 296 892 banulo
321 829 399 893 licet
421 829 561 912 signare.
605 828 725 893 Testes
747 837 860 892 autem
884 828 1034 918 adhiberi
1058 839 1197 912 possunt
1219 831 1250 909 ii,
1268 850 1346 894 cum

195 931 316 1013 quibus
327 932 518 997 testamenti
533 932 632 998 factio
648 942 709 996 est.
743 934 801 996 sed
818 952 925 1015 neque
941 933 1060 997 mulier
1071 955 1181 1016 neque
1193 935 1347 1016 impubes

195 1055 304 1117 neque
323 1055 435 1099 servus
458 1056 566 1118 neque
589 1047 701 1100 mutus
726 1056 833 1119 neque
851 1038 969 1101 surdus
992 1058 1099 1120 neque
1121 1039 1261 1103 furiosus
1285 1058 1347 1102 nec

195 1143 248 1205 cui
265 1142 359 1205 bonis
374 1142 583 1206 interdictum
599 1151 650 1206 est
668 1161 729 1205 nec
749 1141 786 1217 is,
802 1162 900 1224 quem
918 1142 1007 1224 leges
1024 1143 1138 1206 iubent
1153 1143 1344 1225 improbum

196 1244 485 1327 intestabilemque
508 1265 588 1323 esse,
619 1255 758 1328 possunt
785 1246 818 1307 in
848 1266 986 1309 numero
1019 1248 1153 1311 testium
1184 1244 1345 1310 adhiberi.
1394 1329 1397 1334 Ι

164 1358 184 1415 7
198 1348 266 1415 Sed
282 1370 357 1413 cum
372 1350 491 1433 aliquis
508 1370 552 1414 ex
572 1350 712 1414 testibus
731 1350 923 1414 testamenti
947 1350 1084 1432 quidem
1103 1350 1244 1414 faciendi
1260 1359 1346 1413 tem·

195 1473 276 1536 pore
301 1453 385 1516 liber
408 1452 669 1530 existimabatur,
694 1461 812 1535 postea
837 1472 916 1515 vero
945 1472 1058 1516 servus
1085 1455 1247 1536 apparuit,
1273 1462 1346 1516 tam

194 1556 291 1623 divus
312 1556 502 1621 Hadrianus
523 1554 664 1620 Catonio
683 1542 773 1620 Vero
795 1576 896 1637 quam
916 1565 1032 1638 postea
1055 1557 1122 1620 divi
1147 1556 1288 1622 Severus
1310 1564 1346 1621 et

194 1659 388 1725 Antoninus
404 1660 637 1742 rescripserunt
651 1659 825 1723 subvenire
843 1679 879 1723 se
895 1680 939 1724 ex
954 1680 1013 1723 sua
1029 1661 1227 1724 liberalitate
1242 1670 1345 1725 testa·

196 1773 319 1838 mento,
336 1774 373 1828 ut
388 1764 435 1828 sic
449 1763 618 1842 habeatur,
637 1773 739 1845 atque
760 1763 787 1826 si
809 1771 845 1826 ut
868 1774 1000 1846 oportet
1015 1764 1140 1829 factum
1156 1773 1252 1842 esset,
1268 1783 1345 1828 cum

73 1894 77 1901 ·
194 1888 236 1932 eo
257 1877 415 1950 tempore,
434 1889 501 1951 quo
524 1876 763 1932 testamentum
788 1867 980 1950 signaretur,
1007 1869 1156 1932 omnium
1182 1887 1345 1932 consensu

194 1969 249 2035 hic
275 1973 369 2036 testis
395 1953 573 2036 liberorum
601 1971 675 2036 loco
705 1970 802 2035 fuerit
826 1991 885 2035 nec
908 1973 1084 2055 quisquam
1110 1982 1206 2047 esset,
1232 1972 1289 2054 qui
1314 1970 1346 2034 ei

163 2083 302 2140 astatus
320 2077 548 2158 quaestionem
571 2084 712 2139 moveat.
757 2075 856 2140 Pater
878 2096 939 2140 nec
963 2097 1029 2140 non
1051 2078 1089 2152 is,
1109 2077 1166 2159 qui
1183 2078 1215 2140 in
1232 2085 1345 2158 potes·

194 2188 265 2243 tate
279 2180 349 2243 eius
364 2189 422 2258 est,
437 2180 517 2244 item
533 2181 600 2243 duo
615 2179 740 2254 fratres,
760 2180 818 2262 qui
837 2180 869 2241 in
891 2180 1040 2244 eiusdem
1055 2181 1158 2262 patris
1174 2186 1346 2262 potestate

195 2390 331 2446 Claudius
348 2391 495 2462 subjected
513 2392 562 2447 the
583 2389 675 2446 writer
695 2400 726 2446 to
746 2391 795 2447 the
817 2390 955 2461 penalties
976 2392 1009 2446 of
1024 2392 1072 2447 the
1093 2392 1138 2446 lex
1155 2389 1288 2447 Cornelia
1307 2390 1346 2447 dc

193 2473 281 2543 falsis,
295 2475 348 2530 Blr.
361 2473 397 2530 iv.
414 2477 454 2531 18.
467 2487 482 2542 7
496 2473 545 2529 inf.

229 2558 244 2625 ὁ
258 2560 286 2612 6.
308 2557 444 2627 Capacity
457 2574 514 2612 was
531 2556 661 2628 required
676 2556 705 2611 in
718 2573 736 2611 a
748 2556 861 2612 witness
879 2558 945 2627 only
958 2569 987 2613 at
999 2558 1048 2613 the
1060 2556 1129 2613 time
1142 2557 1175 2612 of
1183 2559 1232 2612 the
1244 2572 1346 2612 execu-

192 2639 252 2697 tion
270 2641 302 2695 of
311 2640 359 2696 the
372 2640 434 2696 will.
472 2639 648 2695 Testamenti
668 2639 755 2695 factio
774 2658 873 2696 means
892 2641 1021 2711 capacity
1035 2642 1074 2710 (a)
1094 2651 1124 2696 to
1141 2641 1225 2696 make
1244 2656 1262 2694 a
1280 2638 1345 2708 will,

192 2723 230 2792 (h)
244 2733 273 2777 to
286 2723 353 2778 take
365 2723 455 2778 under
467 2741 485 2778 a
497 2722 552 2776 will
567 2721 657 2778 either
674 2740 706 2778 as
726 2724 807 2778 heres
821 2740 853 2776 or
865 2723 982 2792 legatee,
998 2724 1033 2793 (c)
1051 2740 1083 2778 as
1096 2724 1172 2792 here,
1186 2734 1217 2778 to
1230 2721 1346 2777 witness

192 2823 211 2860 a
223 2805 277 2861 will
290 2826 297 2873 3
315 2807 364 2861 the
376 2823 508 2862 common
522 2807 644 2862 clement
663 2823 756 2862 seems
775 2817 805 2860 to
823 2807 860 2861 be
878 2807 928 2861 the
943 2823 1078 2876 presence
1092 2807 1124 2860 of
1133 2804 1345 2872 commercium,

192 2889 236 2944 for
255 2889 352 2944 slaves
368 2891 452 2945 could
472 2890 508 2945 be
526 2889 674 2945 instituted
692 2906 725 2944 or
742 2889 827 2944 made
847 2890 970 2958 legatees
990 2890 1018 2944 in
1036 2890 1126 2944 virtue
1148 2890 1181 2943 of
1198 2890 1247 2944 the
1267 2904 1345 2944 com·

192 2973 329 3028 mercium
347 2973 380 3027 of
394 2973 467 3028 their
485 2984 608 3028 master:
629 2973 653 3026 oi
668 2972 762 3026 nixis-nt
778 2973 932 3042 ἇπρόσωποι
949 2972 1020 3028 ὄντες
1031 2973 1060 3027 ἐκ
1072 2978 1123 3027 τῶν
1134 2974 1283 3042 προσώπων
1293 2976 1346 3025 τῶν

191 3055 290 3108 olseium
311 3056 446 3109 drondrow
466 3055 693 3126 χαρακτηρίζονται
712 3056 840 3125 Theopit
860 3055 898 3109 ad
916 3055 953 3110 iii.
973 3069 1012 3122 17.
1031 3073 1072 3125 pr.
1092 3055 1141 3110 inf.
1179 3055 1241 3110 The
1261 3054 1345 3109 other

191 3137 299 3194 classes
320 3139 354 3193 of
370 3156 488 3209 persons
508 3138 671 3194 mentioned
690 3138 718 3193 in
737 3138 795 3193 this
813 3138 870 3193 and
889 3139 938 3194 the
956 3139 1098 3209 following
1117 3137 1240 3193 sections
1259 3136 1346 3192 could

191 3231 242 3276 not
254 3222 291 3276 be
304 3221 449 3278 witnesses
462 3239 500 3276 on
513 3224 594 3277 other
606 3222 731 3290 grounds
744 3222 813 3276 than
826 3231 901 3276 want
913 3222 946 3276 of
955 3221 1164 3291 commercium,
1178 3230 1278 3290 except
1295 3221 1345 3275 the

192 3304 361 3360 interdicted
374 3305 510 3375 prodigal,
525 3304 585 3359 ‘cui
603 3305 773 3360 commercio
786 3304 966 3360 interdictum
979 3307 1037 3360 est’
1051 3305 1166 3375 Ulpian,
1179 3321 1236 3373 reg.
1247 3319 1290 3359 20.
1304 3317 1346 3372 13.

194 3388 320 3456 Improbi
333 3397 362 3442 et
375 3387 550 3443 intestabiles
563 3388 683 3457 include,
692 3387 806 3443 besides
819 3389 868 3443 the
880 3405 946 3443 case
956 3388 1120 3443 mentioned
1133 3388 1162 3442 in
1171 3389 1220 3442 the
1231 3387 1346 3442 Twelve

192 3470 298 3525 Tables
313 3472 331 3540 (‘
340 3470 387 3542 qui
400 3488 435 3545 se
445 3469 522 3526 sier'it
534 3472 664 3526 testarier
681 3471 851 3541 libripensve
867 3470 958 3539 fuerit,
972 3471 1000 3525 ni
1013 3471 1207 3526 testimonium
1219 3469 1345 3538 fariatur,

192 3552 338 3624 improbus
351 3554 575 3625 intestabilisque
592 3564 654 3610 esto
664 3555 681 3623 ³)
697 3554 846 3609 convicted
864 3553 985 3609 libellers
1000 3555 1058 3609 aud
1074 3555 1263 3624 lampooners,
1277 3552 1346 3622 Dig.

193 3637 236 3692 28.
253 3651 273 3691 1.
292 3638 331 3692 18.
348 3652 358 3692 1
373 3657 381 3703 ;
397 3637 529 3706 heredes,
544 3637 614 3692 Cod.
631 3653 653 3691 1.
669 3650 691 3708 5.
705 3652 741 3704 43
760 3635 818 3691 and
831 3647 983 3707 apostates,
998 3637 1069 3692 Cod.
1085 3652 1106 3691 r.
1120 3650 1144 3703 7.
1159 3651 1184 3703 4.
1222 3637 1346 3690 Persons

192 3718 343 3774 convicted
356 3721 388 3774 of
396 3720 525 3787 adultery
538 3719 616 3789 (Dig.
628 3735 671 3775 22.
686 3733 709 3789 5.
728 3719 779 3790 15),
793 3721 850 3775 and
869 3721 991 3790 perhaps
1008 3721 1041 3773 of
1054 3719 1228 3790 repetundae
1242 3718 1290 3786 (ib.
1304 3733 1314 3770 1
1321 3730 1345 3788 5.

194 3819 255 3873 pr.:
277 3819 328 3872 per
349 3813 448 3857 contra
464 3802 569 3872 Ulpian
589 3803 617 3856 in
638 3803 702 3872 Dig.
717 3804 760 3857 28.
777 3817 799 3857 1.
812 3817 854 3858 20.
871 3804 896 3872 5)
919 3820 992 3858 were
1012 3804 1072 3857 also
1091 3799 1252 3873 prohibited
1271 3799 1346 3855 from

192 3884 279 3955 being
291 3885 446 3941 witnesses.
484 3886 552 3941 Oral
569 3895 738 3941 testaments
755 3886 822 3956 only
836 3887 862 3956 (§
879 3901 911 3952 14
924 3884 984 3953 inf.)
998 3886 1081 3940 could
1093 3887 1129 3941 be
1142 3882 1295 3940 witnessed
1306 3884 1346 3954 by

192 3967 273 4022 blind
285 3985 412 4038 persons.

228 4051 243 4118 i
258 4055 285 4108 ⁹1.
304 4052 374 4124 This
385 4052 503 4122 rescript
517 4051 550 4107 of
561 4052 690 4107 Hadrian
703 4052 726 4107 is
740 4053 769 4108 in
783 4053 852 4107 Cod.
863 4052 889 4106 6.
901 4066 943 4120 23.
957 4067 977 4107 1.
1004 4052 1146 4120 Probably
1158 4050 1194 4105 its
1207 4048 1346 4120 principle

192 4134 283 4204 might
296 4135 332 4190 be
345 4136 485 4190 extended
498 4146 528 4189 to
541 4136 622 4191 other
631 4153 712 4191 cases
722 4137 754 4191 of
764 4136 931 4205 incapacity,
942 4153 978 4190 on
992 4137 1040 4191 the
1053 4136 1175 4203 analogy
1184 4135 1216 4188 of
1224 4133 1290 4202 Dig.
1304 4149 1345 4201 14.

191 4219 217 4273 6.
232 4232 256 4286 3.
270 4235 312 4287 pr.
325 4218 372 4286 (de
387 4220 442 4275 SC.
458 4219 678 4288 Macedoniano)
699 4219 735 4274 ‘si
754 4219 816 4291 quis
833 4219 1064 4290 patremfamilias
1078 4236 1141 4273 esse
1154 4216 1273 4272 credidit
1286 4234 1345 4272 non

193 4316 268 4355 vana
286 4300 466 4371 simplicitate
484 4302 621 4372 deceptus
639 4318 693 4358 nec
712 4302 779 4357 iuris
797 4302 964 4371 ignorantia,
978 4302 1028 4356 sed
1044 4301 1111 4372 quia
1127 4300 1239 4371 publice
1252 4310 1345 4370 pater-

192 4382 315 4438 familias
333 4384 474 4455 plerisque
491 4385 648 4454 videbatur,
667 4384 708 4439 sic
727 4386 840 4455 agebat,
860 4385 882 4441 si
901 4385 1095 4454 contrahebat,
1117 4384 1158 4440 sic
1180 4382 1345 4440 muneribus

191 4464 370 4537 fungebatur,
383 4466 506 4525 cessabit
519 4469 811 4527 senatusconsultum?
