2986 5048
209 350 272 415 240
412 334 764 394 INSTITUTIONUM
780 332 900 391 LIBRI
917 331 1154 406 QUATTUOR.
1248 332 1365 402 [uult.

209 515 296 583 sunt,
323 514 358 571 et
379 504 453 571 aliis
474 504 623 588 personis
645 503 694 569 eis
715 500 899 568 coniunctis
920 501 1149 567 testimonium
1171 522 1238 567 non
1260 502 1364 571 dene·

208 630 335 694 gamus,
348 609 450 674 immo
465 608 499 672 in
513 608 660 692 quadam
675 615 787 671 nostra
802 606 1038 671 constitutione
1053 617 1087 671 et
1101 605 1165 670 hoc
1174 607 1363 690 specialiter

208 713 442 787 concessimus,
460 720 495 777 et
510 710 616 776 multo
631 710 739 793 magis
754 709 814 787 his,
830 709 887 792 qui
907 710 941 772 in
956 729 1070 773 eorum
1086 718 1255 792 potestate
1270 719 1361 788 sunt,

208 817 262 881 vel
277 816 333 898 qui
349 836 406 880 eos
420 814 546 880 habent
559 816 594 879 in
608 823 784 897 potestate,
798 812 987 878 huiusmodi
1003 812 1170 877 licentiam
1186 813 1316 879 damus.

162 932 196 987 12
253 919 346 984 Nihil
366 927 479 984 autem
499 919 644 995 interest,
661 926 902 984 testamentum
922 918 957 981 in
975 916 1097 983 tabulis
1118 937 1162 982 an
1182 918 1216 981 in
1235 918 1361 984 chartis

162 1037 197 1092 13
210 1024 452 1089 membranisve
474 1023 528 1087 vel
549 1023 583 1086 in
605 1021 672 1087 alia
698 1021 835 1087 materia
859 1020 928 1086 fiat.
974 1019 1043 1086 Sed
1066 1029 1101 1085 et
1127 1040 1231 1085 unum
1255 1029 1363 1086 testa·

209 1137 359 1192 mentum
382 1127 531 1210 pluribus
553 1126 721 1192 codicibus
744 1125 904 1191 conficere
932 1126 1008 1208 quis
1030 1133 1151 1208 potest,
1176 1126 1362 1191 secundum

208 1231 415 1314 optinentem
427 1240 541 1294 tamen
556 1229 821 1294 observationem
837 1229 990 1294 omnibus
1005 1229 1111 1293 lactis.
1154 1229 1243 1313 quod
1260 1229 1362 1293 inter·

112 1339 116 1347 '
208 1335 290 1399 dum
306 1342 341 1398 et
356 1334 576 1399 necessarium
595 1341 653 1409 est,
677 1333 705 1397 si
726 1334 801 1416 quis
820 1334 1032 1416 navigaturus
1047 1340 1082 1397 et
1097 1352 1210 1398 secum
1225 1332 1310 1397 ferre
1326 1341 1363 1398 et

208 1438 300 1504 domi
323 1437 507 1522 relinquere
530 1437 723 1503 iudiciorum
746 1457 882 1502 suorum
904 1437 1180 1502 contestationem
1198 1437 1287 1510 velit,
1304 1436 1362 1501 vel

207 1551 345 1625 propter
355 1542 438 1606 alias
447 1541 702 1607 innumerabiles
713 1561 838 1621 causas,
847 1561 933 1624 quae
943 1539 1097 1604 humanis
1107 1540 1361 1606 necessitatibus

163 1654 197 1711 lt
209 1646 392 1710 imminent
438 1643 506 1710 Sed
522 1644 605 1709 haec
619 1645 755 1728 quidem
778 1645 821 1709 de
839 1644 1058 1722 testamentis,
1072 1663 1159 1726 quae
1178 1644 1212 1707 in
1228 1644 1361 1726 scriptis

209 1749 435 1814 conficiuntur.
479 1749 506 1814 si
521 1749 596 1833 quis
610 1758 723 1813 autem
738 1749 879 1814 voluerit
894 1749 964 1814 sine
980 1749 1110 1830 scriptis
1124 1748 1275 1812 ordinare
1290 1749 1362 1813 iure

209 1853 296 1918 civili
311 1861 559 1932 testamentum,
574 1862 703 1936 septem
724 1854 864 1919 testibus
886 1852 1045 1917 adhibitis
1063 1860 1097 1917 et
1112 1872 1173 1916 sua
1187 1850 1361 1917 voluntate

209 1978 321 2023 coram
348 1959 394 2022 eis
419 1966 609 2040 nuncupata
623 1957 706 2023 sciat
731 1957 795 2022 hoc
817 1957 1092 2042 perfectissimum
1118 1965 1361 2022 testamentum

209 2062 279 2126 iure
293 2060 380 2126 civili
395 2060 593 2144 firmumque
607 2062 835 2127 constitutum.

749 2280 812 2347 ΧῙ.

521 2457 571 2508 DE
595 2455 770 2508 MILITARI
794 2455 1055 2510 TESTAMENTO.

254 2602 363 2688 Supra
386 2604 476 2671 dicta
503 2604 645 2690 diligens
667 2607 856 2673 observatio
879 2606 913 2671 in
935 2607 1125 2672 ordinandis
1150 2607 1361 2673 testamentis

209 2709 368 2774 militibus
381 2719 516 2792 propter
527 2711 664 2776 nimiam
680 2712 879 2794 imperitiam
894 2711 1186 2777 constitutionibus
1198 2712 1362 2794 principa·

243 2883 316 2950 §la
337 2883 378 2938 Cl.
393 2883 554 2953 Suetonius,
568 2886 669 2940 Octav.
685 2900 731 2939 101
748 2885 965 2940 ‘testamentum
984 2884 1096 2939 duobus
1113 2884 1259 2941 codicibus
1272 2883 1361 2956 scrip·

208 2967 285 3035 tum‚'
296 2967 354 3021 and
367 2965 405 3021 ib.
419 2966 513 3022 Tiber.
527 2968 562 3034 76
575 2972 795 3023 ‘testamentum
814 2969 926 3039 duplex,
939 2968 1041 3023 eodem
1058 2968 1205 3038 exemplo!
1242 2970 1299 3023 For
1310 2969 1362 3024 the

207 3048 349 3118 necessity
358 3048 391 3103 ol
399 3051 469 3104 each
483 3067 556 3119 copy
563 3049 649 3120 being
662 3050 791 3119 lomially
801 3050 938 3105 executed
952 3067 999 3105 see
1014 3049 1081 3120 Dig.
1092 3062 1135 3117 37.
1150 3066 1189 3105 11.
1202 3063 1250 3117 r.7
1264 3049 1304 3105 ‘si
1315 3093 1322 3106 .
1334 3089 1361 3107 ..

208 3147 295 3185 unum
316 3131 412 3187 iecerit
431 3142 550 3187 testator
569 3132 649 3204 quasi
670 3142 879 3202 testamentum,
898 3132 976 3188 aliud
995 3132 1076 3204 quasi
1095 3134 1255 3203 exemplum
1273 3133 1330 3202 (ie.
1343 3150 1362 3189 a

207 3229 284 3269 mere
303 3231 384 3285 copy,
397 3214 513 3271 without
532 3216 707 3272 observance
726 3217 759 3271 oi
775 3216 858 3286 torm)
875 3215 899 3271 si
921 3225 998 3271 extat
1017 3215 1094 3286 quod
1112 3216 1273 3287 exemplum
1290 3227 1361 3286 erat,

207 3297 347 3352 bonorum
360 3298 504 3368 possessio
516 3299 574 3369 peti
587 3316 645 3354 non
658 3299 779 3370 poterit!

243 3381 259 3447 ς
272 3383 317 3434 la
339 3382 372 3435 ln
387 3380 509 3436 Cicero’s
525 3381 594 3437 time
607 3398 644 3437 no
657 3383 717 3437 oral
730 3381 786 3437 will
803 3381 862 3437 had
880 3398 937 3450 any
949 3380 1082 3451 validity:
1101 3379 1130 3436 in
1143 3382 1223 3438 Verr.
1236 3395 1261 3436 2.
1279 3397 1302 3436 r.
1314 3383 1360 3451 48,

207 3463 300 3519 where
308 3463 343 3518 he
353 3480 470 3520 accuses
479 3466 582 3520 Verres
592 3465 625 3519 oi
629 3465 787 3536 promising
795 3466 934 3520 bonorum
945 3465 1087 3535 possessio
1096 3466 1188 3521 where
1198 3481 1235 3519 no
1245 3465 1361 3521 tabulae

207 3546 370 3601 testamenti
392 3565 465 3602 were
485 3548 630 3617 produced
652 3549 690 3619 by
711 3549 760 3604 the
781 3548 945 3620 applicant;
970 3548 1005 3604 ci.
1027 3548 1064 3604 de
1085 3559 1155 3604 orat
1179 3562 1202 3604 1.
1221 3563 1266 3617 43.
1303 3551 1360 3605 Eut

209 3628 361 3684 Suetonius
376 3628 405 3683 in
423 3629 467 3684 his
486 3630 533 3684 life
552 3631 585 3684 of
601 3633 714 3687 Horace
727 3648 793 3700 says
807 3631 927 3686 ‘herede
939 3632 1068 3700 Augusto
1080 3632 1176 3700 palam
1188 3640 1360 3701 nuncupato,

208 3728 282 3780 cum,
300 3722 418 3782 urgente
439 3712 466 3767 vi
486 3713 663 3783 valetudinis,
683 3731 740 3769 non
759 3714 899 3768 sufficeret
922 3714 959 3768 ad
980 3714 1174 3783 obsignandas
1194 3713 1359 3770 testamenti

208 3794 320 3849 tabulas
332 3796 354 3860 ς’
366 3794 423 3849 and
436 3795 464 3849 in
478 3797 526 3851 the
539 3795 608 3851 time
621 3797 654 3850 oi
663 3796 776 3867 Trajan,
790 3813 822 3850 as
835 3813 956 3866 appears
972 3796 1045 3850 from
1062 3796 1111 3852 the
1129 3797 1246 3867 rescript
1260 3796 1289 3851 in
1303 3795 1360 3851 Tit.

211 3891 252 3931 11.
268 3892 278 3931 1
295 3877 352 3943 ini,
370 3879 430 3932 oral
443 3877 512 3932 wills
532 3896 604 3934 were
623 3880 758 3950 periectly
770 3879 872 3948 lawiul,
890 3878 926 3934 cl.
940 3878 1007 3949 Dig.
1021 3894 1064 3948 ²9·
1078 3891 1104 3946 7.
1118 3894 1152 3933 20
1164 3898 1170 3934 :
1189 3879 1228 3949 by
1240 3879 1360 3935 modern

208 3959 315 4015 writers
327 3962 395 4030 they
408 3978 455 4016 are
469 3962 560 4016 called
573 3962 773 4032 nuncupative.

245 4042 364 4099 Besides
376 4046 425 4098 the
438 4044 545 4115 private
558 4045 645 4100 lorms
658 4046 772 4115 already
784 4043 907 4113 noticed,
918 4061 936 4099 a
948 4044 1001 4099 will
1015 4044 1105 4114 might
1118 4044 1154 4098 be
1167 4043 1279 4114 publice
1292 4060 1360 4098 con-

208 4126 313 4182 iectum
332 4127 422 4182 either
435 4127 474 4197 (1)
486 4128 525 4197 by
543 4116 630 4198 being
647 4129 774 4184 oblatum
793 4138 822 4183 to
841 4128 890 4183 the
909 4145 1040 4198 emperor
1057 4128 1095 4197 by
1107 4127 1235 4197 petition,
1250 4127 1321 4183 Cod.
1333 4127 1360 4183 6.

209 4224 252 4277 23.
269 4224 308 4279 19,
321 4226 353 4264 or
366 4210 406 4280 (a)
419 4210 458 4280 by
476 4227 495 4265 a
512 4221 663 4266 statement
682 4212 716 4266 oi
730 4212 766 4266 its
784 4221 923 4280 contents‚
937 4212 1046 4280 usually
1062 4210 1268 4280 accompanied
1286 4211 1325 4280 by
1343 4226 1361 4266 a

208 4309 290 4362 copy,
303 4293 389 4363 being
401 4293 485 4348 made
498 4304 528 4348 to
540 4311 558 4348 a
568 4295 664 4365 judge,
677 4296 740 4349 who
752 4294 869 4350 entered
881 4311 900 4348 a
912 4294 1020 4350 minute
1033 4294 1146 4350 thereos
1154 4293 1183 4349 in
1196 4295 1244 4349 the
1257 4293 1361 4348 official

208 4385 283 4443 acta,
297 4376 367 4431 Cod.
379 4377 432 4431 loc.
445 4376 492 4432 cit.
509 4377 548 4432 18.
1353 4391 1355 4396 “

244 4460 304 4514 'Et
318 4461 376 4514 xl.
387 4475 435 4525 pe.
454 4460 517 4515 The
529 4458 690 4530 exemption
701 4459 735 4514 oi
743 4458 861 4517 soldiers
874 4460 947 4515 from
956 4462 1005 4515 the
1015 4459 1148 4528 ordinary
1157 4458 1361 4531 requirements
